3382 5228
799 497 1010 559 -36-

423 666 511 731 Eurip.
532 667 662 717 Phoeniss.
742 737 744 742 Ι
884 668 991 722 Diodor.
1011 669 1051 733 65.
1075 681 1101 718 ιε
1240 670 1302 720 bibl.
1322 686 1347 734 p.
1368 671 1435 735 931.
1458 684 1484 721 1:

351 752 472 815 καθέζετ’
491 751 585 826 ἀρχῆς,
603 750 783 827 σῦμεθίοτα-
826 757 939 825 πρῶτον
980 751 1071 827 ἄρξαι,
1116 760 1162 809 καὶ
1197 762 1281 820 ξαντα
1310 752 1349 827 μὴ
1379 753 1538 826 βούλεσθαι

388 862 434 895 ται
451 840 570 914 θρόνων,
827 839 988 906 διελθόντος
1018 847 1070 898 τοῦ
1093 842 1162 916 χρό-
1198 847 1373 916 παραδοῦναι
1392 846 1442 915 τὴν
1453 854 1532 916 βασι-

353 929 469 1004 ῳογόθα
504 929 536 985 ‹5’
570 929 682 986 ἀπωθεῖ
703 935 784 1002 triade
828 953 879 988 νου
924 929 963 1004 μὴ
1011 933 1162 1001 βούλεσθαι
1198 937 1283 990 λείαν.

385 1021 559 1088 Πολυνείκην
576 1019 690 1090 χθονός.
828 1016 1017 1094 παραδιδόναι
1027 1019 1163 1089 τόνρασι-

829 1113 918 1165 λείαν.

343 1211 456 1292 Itaque
487 1231 551 1273 non
573 1220 695 1274 temere
721 1213 796 1275 mihi
818 1214 929 1275 videor
951 1234 1086 1292 negare,
1118 1214 1297 1275 Diodorum
1321 1215 1417 1275 etiam
1440 1213 1534 1277 Oedi-

280 1319 374 1398 podis
397 1316 538 1380 sabulam
561 1338 604 1397 ex
619 1318 735 1379 eodem
751 1319 943 1400 compendio
959 1318 1165 1401 Apollodoro
1181 1319 1363 1401 propinquo
1380 1319 1533 1393 hausisse,

282 1424 334 1486 cui
356 1422 433 1485 belli
457 1421 604 1484 Thebani
626 1423 839 1485 narrationem
863 1424 1028 1504 multaque
1046 1425 1107 1486 alia
1130 1424 1235 1487 debet.
1269 1423 1409 1485 Necesse
1429 1433 1539 1486 autem

282 1536 332 1590 est
354 1528 563 1609 accipiamus,
594 1528 676 1590 illius
698 1537 861 1590 auctorem
884 1529 1045 1611 Euripidis
1067 1529 1201 1611 vestigia
1224 1549 1332 1610 presse
1357 1550 1427 1592 esse
1450 1551 1535 1592 secu-

281 1642 367 1707 tum,
398 1652 595 1714 quamquam
624 1633 793 1696 Eduardus
816 1632 978 1697 Schwartz
1001 1634 1156 1712 affirmat,
1186 1636 1319 1715 cogitari
1342 1656 1406 1697 non
1428 1656 1538 1718 posse,

284 1739 417 1801 doctum
439 1739 685 1819 grammaticum
708 1740 814 1820 primo
837 1759 864 1802 a.
889 1739 962 1804 Chr.
988 1761 1017 1803 n.
1040 1740 1168 1803 saeculo
1190 1740 1349 1821 Euripidis
1371 1760 1482 1802 versus
1505 1741 1537 1801 in

284 1845 470 1926 pedestrem
490 1863 672 1906 sermonem
696 1845 897 1908 convertisse.

369 1947 520 2011 Similiter
540 1970 591 2010 res
606 1970 640 2012 se
663 1948 761 2011 habet
782 1950 813 2010 in
840 1949 1012 2032 Hippolyti
1035 1949 1142 2012 sabula
1164 1971 1184 2012 a
1205 1950 1352 2012 Diodoro
1375 1972 1402 2012 c.
1419 1951 1459 2012 62
1476 1961 1539 2012 tra·

284 2054 361 2120 dita.
392 2054 477 2116 Nam
500 2054 581 2117 sicut
597 2055 628 2116 in
644 2052 822 2136 Oedipodis
837 2057 931 2118 rebus
947 2056 1109 2117 narrandis
1124 2055 1369 2119 Phoenissarum
1387 2075 1534 2119 versuum

284 2169 396 2242 aperta
425 2159 559 2240 vestigia
594 2159 751 2240 leguntur,
781 2160 972 2241 Euripideae
1003 2161 1174 2243 Hippolyti
1207 2181 1317 2224 versus
1346 2177 1471 2239 24-32
1504 2162 1535 2222 in

285 2265 420 2328 Diodori
449 2263 554 2327 verbis
582 2285 608 2326 c.
632 2265 672 2326 62
697 2267 716 2344 ξ
739 2281 757 2326 2
781 2286 877 2328 nemo
900 2266 1009 2346 nequit
1029 2286 1214 2347 agnoscere.
1259 2267 1415 2328 Attamen
1440 2267 1539 2328 mani-

237 2397 239 2401 ·
286 2370 403 2434 festum
426 2378 492 2445 est,
521 2369 703 2432 Diodorum
732 2391 796 2433 non
819 2372 924 2452 ipsum
947 2391 990 2432 ex
1018 2371 1200 2453 Hippolyto
1230 2370 1409 2434 coronifero
1431 2392 1536 2434 raram

287 2477 374 2539 illam
406 2475 542 2537 Veneris
575 2475 696 2557 templi,
734 2477 821 2558 quod
853 2465 896 2558 ἐφ’
931 2473 1099 2560 Ἱππολύτῳ
1128 2478 1231 2551 audit,
1262 2478 1458 2539 mentionem
1482 2478 1537 2539 de·

286 2582 471 2664 sumpsisse,
493 2601 567 2642 cum
583 2581 613 2642 in
636 2580 743 2643 fabula
760 2583 936 2644 enarranda
957 2582 1051 2644 valde
1074 2582 1115 2644 ab
1137 2582 1296 2663 Euripidis
1315 2582 1395 2644 illius
1412 2590 1541 2662 tragoe-

287 2689 358 2750 diae
381 2696 570 2769 argumento
594 2687 837 2767 abhorreat106).
1447 2746 1451 2754 ,

374 2791 466 2873 Quae
489 2812 562 2854 cum
585 2792 628 2854 ita
650 2791 728 2871 sint,
760 2813 818 2855 nos
848 2803 933 2855 recte
960 2791 1152 2853 conclusisse
1182 2793 1326 2866 confid0,
1357 2793 1540 2854 Diodorum

287 2900 328 2962 ad
351 2898 466 2961 librum
488 2897 536 2959 IV
559 2895 820 2977 componendum
841 2905 968 2977 praeter
989 2896 1198 2977 Dionysium,
1229 2898 1407 2971 Timaeum,
1432 2897 1538 2959 Matri-

289 3006 365 3067 dem
387 3004 497 3086 paucis
526 3003 625 3064 modo
656 3000 796 3082 demptis
824 3000 905 3062 libro
935 3003 1076 3080 quodam
1099 3002 1232 3065 fabulari
1255 3003 1460 3086 Apollodoro
1484 3004 1538 3063 im-

289 3110 400 3192 primis
432 3108 615 3190 propinquo
645 3126 738 3168 usum
779 3105 902 3167 fabulas
944 3105 1083 3168 Graecas
1114 3118 1211 3190 atque
1243 3109 1377 3170 heroum
1420 3128 1539 3189 genera

287 3214 501 3295 descripsisse.

373 3320 442 3381 Iam
465 3338 542 3380 vero
566 3317 658 3379 nobis
680 3317 841 3397 agendum
863 3326 912 3378 est
935 3317 974 3378 de
990 3318 1257 3392 adnotationibus
1282 3339 1361 3400 quas
1375 3319 1544 3381 Diodorus

288 3423 328 3484 de
351 3421 615 3501 Argonautarum
648 3417 761 3480 sabulis
794 3418 931 3498 Dionysi
960 3419 1122 3500 epitomae
1153 3421 1281 3483 inseruit
1310 3430 1342 3484 et
1364 3441 1444 3502 quas
1466 3440 1541 3482 cum

375 3589 425 3657 1⁰⁰)
444 3593 541 3642 Eadem
554 3607 592 3640 res
607 3598 643 3638 est
661 3589 686 3637 in
699 3589 778 3638 schol.
794 3590 807 3641 λ
821 3603 881 3654 321.
917 3590 1009 3639 Attulit
1021 3590 1091 3639 locos
1109 3591 1135 3639 in
1153 3591 1247 3640 scholis
1266 3592 1352 3642 Udalr.
1370 3593 1401 3641 de
1416 3591 1542 3641 Wilamo·

287 3683 353 3742 witz,
377 3685 420 3747 qui
441 3679 587 3731 defenderet
601 3677 738 3742 Hippolyti
750 3678 808 3727 illos
830 3694 922 3730 versus.
957 3679 1064 3728 Diodori
1082 3681 1166 3728 locum
1188 3687 1213 3728 et
1230 3679 1378 3731 scholium).
1403 3694 1449 3744 321
1471 3681 1541 3729 iuxta

288 3772 417 3837 Euripidis
435 3786 519 3820 versus
538 3769 607 3818 Max.
625 3767 778 3827 Wellmann,
808 3769 851 3832 qui
875 3775 941 3816 recte
968 3768 1096 3831 quomodo
1119 3785 1157 3817 res
1181 3784 1207 3817 se
1230 3769 1333 3817 haberet
1356 3770 1477 3833 cognovit
1499 3768 1541 3832 (de

288 3859 364 3926 Istro)
384 3877 409 3925 p.
428 3859 460 3924 85
479 3875 516 3924 sq.
534 3860 581 3908 sub
600 3866 669 3906 textu
687 3857 825 3921 descripsit.
861 3856 977 3905 Ceterum
997 3855 1072 3904 etiam
1090 3857 1158 3920 apud
1176 3857 1324 3906 Pausaniam
1345 3858 1366 3908 1.
1388 3871 1429 3907 22.
1450 3871 1474 3917 2,
1497 3860 1541 3923 qui

289 3964 315 3996 se
334 3949 514 3997 Trozeniorum
533 3947 644 3996 fabulam
672 3946 762 3994 referre
789 3945 909 4003 affirmat,
940 3943 1074 4006 vestigium
1099 3944 1185 4010 Eurip.
1204 3946 1285 4010 Hipp.
1308 3962 1424 3996 versuum
1451 3947 1544 3996 elucet.

288 4037 356 4085 Nam
376 4037 445 4100 quod
463 4035 536 4085 dicit:
560 4032 664 4107 »χρόνῳ
684 4033 715 4086 δὲ
735 4032 850 4104 ὕστερον
869 4029 979 4090 Πάλλας
997 4035 1045 4084 καὶ
1064 4034 1093 4083 οἱ
1111 4033 1211 4093 παῖδες
1235 4031 1425 4101 ἐπανέστησαν
1451 4038 1542 4100 Θησεῖ.

289 4119 406 4182 τούτους
425 4128 533 4183 κτείνας
553 4124 579 4181 ἐς
600 4123 722 4194 Τροζῆνα
742 4122 852 4194 ἔρχεται
869 4126 1030 4191 καθαρσίων
1048 4120 1142 4174 iutra«
1163 4130 1247 4187 aperte
1258 4140 1288 4172 ex
1306 4123 1386 4188 Hipp.
1400 4141 1424 4172 v.
1439 4136 1473 4186 34
1485 4139 1544 4188 sqq.

287 4219 370 4262 ortum
388 4219 439 4264 est:

572 4299 649 4352 »ἐπεὶ
667 4298 699 4352 δὲ
720 4299 823 4365 Θησεὺς
840 4302 1002 4366 Κεκροπίαν
1022 4301 1110 4352 λείπει
1125 4293 1228 4368 χθόνα,

562 4394 673 4460 μίασμα
695 4387 809 4460 φεύγων
827 4391 946 4459 αἵματος
964 4388 1173 4455 Παλλαντιδών,

566 4480 612 4529 καὶ
630 4474 712 4544 τήνδε
733 4476 784 4529 σὺν
805 4471 929 4546 δάμαρτι
949 4479 1097 4531 ναυστολεῖ
1111 4473 1231 4542 yricium«
