3382 5228
737 424 951 487 -,,-

214 577 386 650 ἀθάνατοςι
413 583 476 641 κτλ.
522 577 705 641 Secundam
727 578 807 658 legis
830 577 861 638 in
890 576 1014 639 scholio
1037 575 1092 638 illo
1115 577 1157 638 ad
1180 575 1336 657 Apolloni
1362 573 1471 636 Rhodi

213 684 271 769 ly.
300 684 389 764 1396,
414 684 501 764 quod
524 704 566 746 ex
588 684 783 766 Apollodori
806 682 895 745 sonte
917 681 1047 744 fluxisse
1070 683 1298 762 statuimus99).

225 871 227 876 Ι
306 813 308 816 ‘
360 805 467 855 Diodor.
485 805 530 855 IV.
548 804 589 854 26.
608 817 632 863 2,
656 817 679 868 3.
939 802 1018 852 schol.
1038 801 1158 866 Apollon.
1180 802 1230 850 Rh.
1251 803 1296 853 IV.
1317 800 1390 864 1396.

338 891 459 952 τινὲςδέ
479 895 591 961 λέγουσι
611 896 823 962 ποίμναςπρο-
912 885 1115 960 ...Ἀρχοίτας
1148 890 1178 944 δὲ
1216 888 1246 943 ἐν
1276 885 1302 958 γ’
1334 889 1471 988 κφβυκῶν

213 975 306 1046 βάτων
335 976 429 1034 κάλλει
454 975 645 1051 διαφερούσας
673 983 825 1048 κεκτῆσθαι
861 980 928 1048 φησὶ
940 972 979 1047 μὴ
992 979 1076 1048 μῆλα,
1099 975 1171 1029 ἀλλὰ
1185 973 1314 1048 πρόβατα
1329 978 1470 1041 καλλιστα,

214 1068 263 1130 τὰς
283 1065 461 1140 Ἑσπερίδας,
489 1069 583 1139 χρυσᾶ
612 1067 644 1120 δὲ
665 1070 742 1140 μῆλα
766 1066 824 1121 ἀπὸ
860 1061 876 1117 r'r'
902 1065 995 1138 χρυσᾶ
1023 1061 1183 1134 ὠνομάσθη.

214 1164 264 1212 τοῦ
299 1151 416 1217 κάλλους
460 1154 627 1222 ὠνομάσθαι
666 1162 824 1225 ποιητικῶς,

214 1245 305 1313 ὥσπερ
340 1249 387 1298 καὶ
427 1243 478 1312 τὴν
510 1243 681 1318 Ἀφροδίτην
714 1248 824 1314 χρυσῆν

213 1338 361 1389 καλεῖσθαι
375 1333 422 1387 διὰ
438 1331 488 1402 τὴν
504 1337 672 1408 εὐπρέπειαν
688 1333 823 1403 (breim)

215 1425 246 1479 δέ
271 1428 385 1494 λέγουσι
410 1423 538 1496 πρόβατα
564 1422 614 1493 τὴν
637 1421 726 1495 χρόαν
753 1423 824 1478 ἰδιά-

215 1517 316 1577 ζουσαν
347 1515 445 1582 ἔχοντα
470 1517 516 1566 καὶ
544 1508 705 1586 παρόμοιον
728 1516 825 1585 χρυσῷ

214 1604 372 1670 τετευχέναι
408 1601 509 1669 ταύτης
541 1605 589 1669 τῆς
623 1603 823 1674 προσηγορίας)

215 1686 364 1762 Δράκοντα
382 1690 413 1743 δέ
431 1692 487 1742 τῶν
499 1696 641 1761 ποιμνίων
656 1689 825 1760 ἐπιμελητὴν
860 1691 932 1758 ἔχειν
963 1690 994 1744 δὲ
1021 1689 1108 1742 ταῦτα
1136 1694 1256 1758 ποιμένα
1290 1685 1403 1760 ἄγριον,
1437 1684 1469 1742 δν

216 1782 442 1850 καθεσταμένον,
464 1783 512 1832 καὶ
536 1778 615 1850 ῥώμη
635 1777 762 1851 σώματος
778 1786 825 1834 καὶ
860 1774 908 1832 διὰ
921 1774 953 1832 τὸ
973 1773 1112 1851 ἀνήμερον
1124 1773 1274 1850 Δράκοντα
1293 1772 1469 1847 ὠνομάσθαι.

216 1864 286 1941 ἀλκῇ
311 1865 496 1938 διαφέροντα,
524 1873 616 1941 τηρεῖν
639 1865 672 1921 τὰ
696 1865 824 1941 πρόβατα

215 1961 263 2010 καὶ
292 1956 358 2017 τοὺς
387 1953 527 2028 ληστεὺειν
562 1953 632 2009 αὐτὰ
664 1961 825 2030 τολμῶντας

216 2042 400 2100 ἀποκτείνειν.

301 2148 427 2211 Deinde
450 2147 537 2228 quod
559 2149 579 2226 ξ
601 2164 623 2224 4
645 2169 670 2210 c.
695 2149 736 2209 26
762 2148 926 2211 Diodorus
957 2158 1079 2223 narrat,
1110 2149 1286 2210 invenimus
1315 2148 1346 2209 in
1374 2147 1469 2209 adno-

215 2253 336 2315 tatione
359 2253 573 2315 bibliothecae
596 2273 627 2334 p.
651 2254 693 2314 66
716 2253 735 2316 l.
763 2268 794 2332 5:
1279 2251 1281 2254 ’

314 2404 316 2408 ⁴
383 2374 489 2425 Diodor.
510 2375 556 2423 IV.
574 2373 615 2422 26.
633 2388 658 2434 4.
1008 2374 1069 2423 bibl.
1089 2390 1114 2438 p.
1134 2371 1174 2422 66.
1193 2372 1209 2422 l.
1229 2385 1244 2436 3
1265 2388 1320 2436 sqq.

913 2463 983 2515 ἔνιοι
1007 2461 1041 2514 δέ
1062 2476 1151 2529 φασιν
1175 2459 1208 2512 οὐ
1230 2454 1307 2529 παρὰ
1322 2453 1471 2518 ’Ἀτλαντος

268 2545 283 2600 ὃ
313 2546 340 2601 δ’
372 2545 507 2620 Ἡρακλῆς
545 2549 593 2602 τὸν
626 2547 737 2619 φύλακα
770 2552 826 2603 τῶν
861 2544 931 2601 αὐτὰ
951 2548 996 2615 (sc.
1016 2544 1050 2601 τδι
1066 2551 1159 2620 χρυσοῖ
1177 2547 1263 2613 μῆλα)
1278 2551 1380 2615 λαβεῖν,
1399 2543 1470 2601 ἀλλὰ

215 2634 311 2709 μήλων
330 2634 449 2700 ἀνελών,
861 2633 947 2690 αὐτὸν
971 2639 1132 2709 δρέψασθαι
1161 2631 1194 2688 τὰ
1224 2638 1299 2706 μῆλα
1325 2643 1472 2691 κτείναντα

216 2727 261 2778 καλ
280 2732 368 2779 ταῦτα
387 2723 566 2797 ἀποκομίσας
585 2721 657 2799 πρὸς
675 2722 823 2796 Εὐρυσθέα
859 2722 909 2778 τὸν
928 2727 1107 2797 φρουροῦντα
1127 2716 1209 2794 ὅφιν·
1233 2728 1362 2795 Κομίσας
1381 2726 1412 2780 δὲ
1436 2721 1470 2778 τὰ

857 2817 933 2886 μῆλα
950 2811 1091 2881 Εὐρυσθεῖ
1110 2813 1218 2868 ἔδωκεν.

302 2915 388 2979 Tum
416 2936 492 2977 vero
522 2915 626 2996 capite
651 2932 690 2996 27
725 2918 866 2998 sequitur
899 2916 1050 2978 mirabilis
1079 2916 1140 2978 alia
1169 2917 1209 2977 de
1240 2915 1471 2997 Hesperidibus

216 3021 268 3083 vel
304 3021 524 3084 Atlantidibus
556 3021 704 3098 historia,
744 3042 825 3100 quae
859 3021 1098 3102 interrumpitur
1127 3023 1147 3100 ξ
1181 3037 1206 3099 3.
1258 3021 1343 3083 Nam
1373 3022 1472 3084 verba

217 3127 253 3207 (c.
281 3142 330 3207 27,
354 3129 374 3206 ξ
401 3144 416 3206 3
439 3148 464 3191 s.
487 3126 537 3207 f.);
576 3129 663 3198 »τοὺς
685 3125 718 3187 δὲ
738 3128 849 3211 λῃστὰς
871 3125 901 3188 ἐν
923 3128 1009 3210 κήπῳ
1031 3126 1106 3186 wi«
1132 3130 1186 3186 κτλ
1208 3134 1276 3188 arte
1299 3127 1472 3190 cohaerent

180 3304 182 3309 ¹
216 3251 289 3294 cum
319 3232 440 3307 verbis,
473 3251 555 3312 quae
589 3234 781 3295 antecedunt
808 3254 833 3295 c.
859 3250 898 3313 27
928 3234 959 3293 in
980 3234 1000 3311 ξ
1024 3248 1041 3293 2
1066 3253 1089 3294 s.
1113 3232 1151 3294 λι
1186 3232 1251 3292 »διὸ
1280 3231 1330 3291 καὶ
1361 3233 1472 3316 λῃστὰς

302 3487 337 3555 ⁹⁹)
358 3491 474 3540 Ceterum
499 3491 651 3555 persimilem
681 3492 912 3556 interpretationem
932 3491 1033 3539 fabulae
1057 3491 1152 3539 invenis
1176 3491 1202 3539 in
1226 3490 1373 3554 Palaephati
1391 3491 1470 3541 libro:

215 3580 281 3648 περὶ
300 3573 427 3632 α’πίστων
448 3593 485 3642 19,
504 3581 545 3629 ed.
575 3582 748 3629 Westermann
778 3597 803 3644 p.
824 3579 888 3640 2843
915 3579 948 3629 cl.
969 3580 1044 3629 etiarn
1063 3578 1231 3628 Heraclitum:
1262 3580 1327 3647 περὶ
1346 3574 1472 3632 ἀπίστων

217 3680 259 3717 20.
280 3667 357 3730 Quod
376 3684 529 3733 quamquam
549 3668 652 3718 Holzeri
672 3669 820 3717 sententiam
839 3668 999 3717 corroborare
1016 3668 1123 3725 videtur,
1145 3667 1188 3730 qui
1206 3682 1231 3730 p.
1250 3679 1280 3714 21
1300 3682 1325 3714 n.
1346 3680 1376 3715 10
1395 3668 1469 3717 dicit:

218 3757 277 3804 »Bei
306 3756 450 3805 Gleichheit
473 3758 535 3805 oder
561 3749 726 3806 llhnlichkeit
754 3757 851 3805 solcher
884 3756 993 3804 Notizen
1020 3755 1103 3804 zumal
1127 3753 1358 3804 euhemeristischer
1381 3756 1471 3805 Endr-

216 3845 424 3908 rungsversuche,
445 3845 490 3894 auf
506 3845 761 3918 Quellenbenutzung
779 3861 809 3893 zu
827 3844 974 3906 schliessen,
1002 3845 1087 3893 wtirde
1109 3843 1150 3892 bei
1168 3845 1214 3892 der
1230 3842 1472 3908 Lilckenhaftigkeit

217 3950 318 3983 unserer
335 3933 459 3983 Traditon
477 3951 507 3983 zu
526 3935 659 3984 seltsamen
677 3935 779 3997 Dingen
798 3933 915 3990 ftihren,«
936 3941 1020 3980 tamen
1038 3933 1086 3982 hoc
1109 3933 1166 3981 loco
1184 3930 1325 3980 Diodorum
1343 3933 1471 3996 Agroetae

216 4023 449 4087 interpretationem
468 4022 509 4071 vel
526 4022 732 4071 historiunculam
750 4037 870 4071 unacum
892 4020 979 4070 fabula
996 4037 1027 4070 ex
1046 4021 1135 4069 eodem
1153 4019 1222 4068 fonte
1241 4018 1400 4084 descripsisse
1419 4021 1471 4070 veri

215 4109 296 4160 simile
315 4111 389 4160 duco.

291 4194 340 4263 ¹⁰⁰)
360 4199 401 4248 Sic
423 4214 477 4247 esse
495 4199 725 4264 interpungendum
748 4199 861 4263 adparet.
901 4198 968 4246 Nam
992 4196 1128 4246 scholiasta
1150 4196 1337 4261 Apollonianus
1367 4197 1470 4246 demon-

185 4327 188 4333 .
217 4295 287 4345 strat,
314 4287 390 4335 etiam
414 4288 569 4336 Dracontem
593 4296 718 4351 pastorem
741 4287 774 4334 ad
801 4290 938 4350 Agroetam
966 4285 1104 4350 pertinere;
1135 4286 1203 4350 quod
1229 4285 1357 4334 Diodorus
1384 4285 1469 4336 addit:

216 4373 286 4428 ἔνιοι
306 4373 336 4426 δὲ
356 4375 510 4445 λέγουσι..
527 4413 541 4433 .,
563 4377 673 4425 secunda
691 4374 862 4440 interpretatio
881 4383 917 4423 est
935 4374 1047 4424 attributi
1061 4375 1161 4442 χρυσᾶ.
