<?xml version="1.0" encoding="UTF-8"?>
<!DOCTYPE html PUBLIC "-//W3C//DTD XHTML 1.0 Transitional//EN"
    "http://www.w3.org/TR/xhtml1/DTD/xhtml1-transitional.dtd">
<html xmlns="http://www.w3.org/1999/xhtml" xml:lang="en" lang="en">
 <head>
  <title>
</title>
<meta http-equiv="Content-Type" content="text/html;charset=utf-8" />
  <meta name='ocr-system' content='tesseract 3.04.00' />
  <meta name='ocr-capabilities' content='ocr_page ocr_carea ocr_par ocr_line ocrx_word'/>
</head>
<body>
  <div class='ocr_page' id='page_1' title='image "./quaestionesdiod00bethgoog_0046.png"; bbox 0 0 3382 5228; ppageno 0'>
   <div class='ocr_carea' id='block_1_1' title="bbox 232 1499 1405 1799">
    <p class='ocr_par' dir='ltr' id='par_1_1' title="bbox 232 1499 1405 1799">
     <span class='ocr_line' id='line_1_1' title="bbox 692 1499 942 1574; baseline 0.008 -2"><span class='ocrx_word' id='word_1_1' title='bbox 692 1499 865 1574; x_wconf 71' lang='lat' dir='ltr'>curui</span> <span class='ocrx_word' id='word_1_2' title='bbox 892 1502 942 1574; x_wconf 89' lang='lat' dir='ltr'>1v</span> 
     </span>
     <span class='ocr_line' id='line_1_2' title="bbox 232 1700 1405 1799; baseline 0.002 -7"><span class='ocrx_word' id='word_1_3' title='bbox 232 1703 291 1792; x_wconf 77' lang='lat' dir='ltr'>ut</span> <span class='ocrx_word' id='word_1_4' title='bbox 322 1700 524 1794; x_wconf 75' lang='lat' dir='ltr'>fustus</span> <span class='ocrx_word' id='word_1_5' title='bbox 557 1703 746 1794; x_wconf 73' lang='lat' dir='ltr'>[llollsslll</span> <span class='ocrx_word' id='word_1_6' title='bbox 780 1703 902 1796; x_wconf 79' lang='lat' dir='ltr'>tlBRl</span> <span class='ocrx_word' id='word_1_7' title='bbox 936 1703 980 1796; x_wconf 82' lang='grc' dir='ltr'>Ιν</span> <span class='ocrx_word' id='word_1_8' title='bbox 1013 1704 1143 1799; x_wconf 71' lang='lat' dir='ltr'>butt</span> <span class='ocrx_word' id='word_1_9' title='bbox 1178 1702 1405 1796; x_wconf 74' lang='lat' dir='ltr'>nestum</span> 
     </span>
    </p>
   </div>
   <div class='ocr_carea' id='block_1_2' title="bbox 738 1975 895 1986">
    <p class='ocr_par' dir='ltr' id='par_1_2' title="bbox 738 1975 895 1986">
     <span class='ocr_line' id='line_1_3' title="bbox 738 1975 895 1986; baseline 0.013 -2"><span class='ocrx_word' id='word_1_10' title='bbox 738 1975 895 1986; x_wconf 70' lang='lat'>..—</span> 
     </span>
    </p>
   </div>
   <div class='ocr_carea' id='block_1_3' title="bbox 187 2134 1448 4018">
    <p class='ocr_par' dir='ltr' id='par_1_3' title="bbox 188 2134 1448 2969">
     <span class='ocr_line' id='line_1_4' title="bbox 292 2134 1447 2233; baseline -0.001 -19"><span class='ocrx_word' id='word_1_11' title='bbox 292 2134 381 2215; x_wconf 85' lang='lat' dir='ltr'>Otto</span> <span class='ocrx_word' id='word_1_12' title='bbox 404 2148 538 2211; x_wconf 85' lang='lat' dir='ltr'>Sieroka</span> <span class='ocrx_word' id='word_1_13' title='bbox 567 2149 597 2211; x_wconf 91' lang='lat' dir='ltr'>in</span> <span class='ocrx_word' id='word_1_14' title='bbox 620 2151 851 2227; x_wconf 82' lang='lat' dir='ltr'>dissertatione,</span> <span class='ocrx_word' id='word_1_15' title='bbox 877 2173 974 2232; x_wconf 93' lang='lat' dir='ltr'>quam</span> <span class='ocrx_word' id='word_1_16' title='bbox 995 2153 1121 2233; x_wconf 88' lang='lat' dir='ltr'><strong>scripsit</strong></span> <span class='ocrx_word' id='word_1_17' title='bbox 1142 2153 1182 2214; x_wconf 92' lang='lat' dir='ltr'>de</span> <span class='ocrx_word' id='word_1_18' title='bbox 1203 2153 1338 2215; x_wconf 92' lang='lat' dir='ltr'>Diodori</span> <span class='ocrx_word' id='word_1_19' title='bbox 1359 2153 1447 2214; x_wconf 92' lang='lat' dir='ltr'>tertii</span> 
     </span>
     <span class='ocr_line' id='line_1_5' title="bbox 189 2253 1447 2338; baseline -0.001 -20"><span class='ocrx_word' id='word_1_20' title='bbox 189 2266 221 2318; x_wconf 97' lang='lat' dir='ltr'>et</span> <span class='ocrx_word' id='word_1_21' title='bbox 243 2257 347 2336; x_wconf 89' lang='lat' dir='ltr'>quarti</span> <span class='ocrx_word' id='word_1_22' title='bbox 368 2255 521 2317; x_wconf 91' lang='lat' dir='ltr'>librorum</span> <span class='ocrx_word' id='word_1_23' title='bbox 544 2253 693 2329; x_wconf 83' lang='lat' dir='ltr'>fontibus,</span> <span class='ocrx_word' id='word_1_24' title='bbox 717 2256 838 2336; x_wconf 89' lang='lat' dir='ltr'>primus</span> <span class='ocrx_word' id='word_1_25' title='bbox 863 2257 1056 2331; x_wconf 88' lang='lat' dir='ltr'>observavit,</span> <span class='ocrx_word' id='word_1_26' title='bbox 1077 2277 1148 2320; x_wconf 89' lang='lat' dir='ltr'>esse</span> <span class='ocrx_word' id='word_1_27' title='bbox 1167 2258 1304 2338; x_wconf 88' lang='lat' dir='ltr'>vestigia</span> <span class='ocrx_word' id='word_1_28' title='bbox 1326 2258 1356 2319; x_wconf 92' lang='lat' dir='ltr'>in</span> <span class='ocrx_word' id='word_1_29' title='bbox 1379 2256 1447 2318; x_wconf 91' lang='lat' dir='ltr'>eius</span> 
     </span>
     <span class='ocr_line' id='line_1_6' title="bbox 188 2358 1448 2444; baseline 0 -21"><span class='ocrx_word' id='word_1_30' title='bbox 188 2361 319 2423; x_wconf 90' lang='lat' dir='ltr'>historia</span> <span class='ocrx_word' id='word_1_31' title='bbox 352 2358 504 2433; x_wconf 87' lang='lat' dir='ltr'>fabulari,</span> <span class='ocrx_word' id='word_1_32' title='bbox 540 2379 622 2438; x_wconf 91' lang='lat' dir='ltr'>quae</span> <span class='ocrx_word' id='word_1_33' title='bbox 655 2379 728 2421; x_wconf 93' lang='lat' dir='ltr'>eum</span> <span class='ocrx_word' id='word_1_34' title='bbox 758 2359 847 2422; x_wconf 87' lang='lat' dir='ltr'>fonte</span> <span class='ocrx_word' id='word_1_35' title='bbox 880 2363 1055 2424; x_wconf 89' lang='lat' dir='ltr'>secundum</span> <span class='ocrx_word' id='word_1_36' title='bbox 1088 2383 1243 2444; x_wconf 84' lang='lat' dir='ltr'>generum</span> <span class='ocrx_word' id='word_1_37' title='bbox 1274 2370 1448 2424; x_wconf 85' lang='lat' dir='ltr'>stemmata</span> 
     </span>
     <span class='ocr_line' id='line_1_7' title="bbox 189 2464 1448 2548; baseline 0 -20"><span class='ocrx_word' id='word_1_38' title='bbox 189 2465 312 2528; x_wconf 82' lang='lat' dir='ltr'>fabulas</span> <span class='ocrx_word' id='word_1_39' title='bbox 336 2464 491 2527; x_wconf 88' lang='lat' dir='ltr'>referente</span> <span class='ocrx_word' id='word_1_40' title='bbox 514 2485 607 2526; x_wconf 92' lang='lat' dir='ltr'>usum</span> <span class='ocrx_word' id='word_1_41' title='bbox 630 2484 700 2527; x_wconf 90' lang='lat' dir='ltr'>esse</span> <span class='ocrx_word' id='word_1_42' title='bbox 724 2465 953 2528; x_wconf 87' lang='lat' dir='ltr'>demonstrent.</span> <span class='ocrx_word' id='word_1_43' title='bbox 988 2466 1158 2530; x_wconf 89' lang='lat' dir='ltr'>Manifeste</span> <span class='ocrx_word' id='word_1_44' title='bbox 1172 2477 1281 2530; x_wconf 90' lang='lat' dir='ltr'>autem</span> <span class='ocrx_word' id='word_1_45' title='bbox 1297 2467 1448 2548; x_wconf 90' lang='lat' dir='ltr'>probavit</span> 
     </span>
     <span class='ocr_line' id='line_1_8' title="bbox 189 2568 1446 2654; baseline 0.004 -21"><span class='ocrx_word' id='word_1_46' title='bbox 189 2591 279 2633; x_wconf 88' lang='lat' dir='ltr'>suam</span> <span class='ocrx_word' id='word_1_47' title='bbox 302 2570 502 2644; x_wconf 88' lang='lat' dir='ltr'>sententiam,</span> <span class='ocrx_word' id='word_1_48' title='bbox 527 2568 596 2630; x_wconf 91' lang='lat' dir='ltr'>libri</span> <span class='ocrx_word' id='word_1_49' title='bbox 624 2570 727 2648; x_wconf 91' lang='lat' dir='ltr'>quarti</span> <span class='ocrx_word' id='word_1_50' title='bbox 750 2570 907 2651; x_wconf 85' lang='lat' dir='ltr'>capitibus</span> <span class='ocrx_word' id='word_1_51' title='bbox 936 2571 1060 2651; x_wconf 89' lang='lat'>67-85</span> <span class='ocrx_word' id='word_1_52' title='bbox 1093 2573 1281 2654; x_wconf 86' lang='lat' dir='ltr'>explicatius</span> <span class='ocrx_word' id='word_1_53' title='bbox 1304 2571 1446 2652; x_wconf 83' lang='lat' dir='ltr'>digestis</span> 
     </span>
     <span class='ocr_line' id='line_1_9' title="bbox 189 2674 1447 2758; baseline 0.002 -21"><span class='ocrx_word' id='word_1_54' title='bbox 189 2675 263 2738; x_wconf 94' lang='lat' dir='ltr'>Hoc</span> <span class='ocrx_word' id='word_1_55' title='bbox 282 2695 395 2739; x_wconf 92' lang='lat' dir='ltr'>omnes</span> <span class='ocrx_word' id='word_1_56' title='bbox 417 2683 507 2755; x_wconf 85' lang='lat' dir='ltr'>puto,</span> <span class='ocrx_word' id='word_1_57' title='bbox 531 2675 585 2755; x_wconf 93' lang='lat' dir='ltr'>qui</span> <span class='ocrx_word' id='word_1_58' title='bbox 601 2674 744 2755; x_wconf 87' lang='lat' dir='ltr'>legerint,</span> <span class='ocrx_word' id='word_1_59' title='bbox 768 2677 954 2751; x_wconf 89' lang='lat' dir='ltr'>concedere,</span> <span class='ocrx_word' id='word_1_60' title='bbox 979 2697 1185 2758; x_wconf 90' lang='lat' dir='ltr'>quamquam,</span> <span class='ocrx_word' id='word_1_61' title='bbox 1210 2698 1286 2739; x_wconf 92' lang='lat' dir='ltr'>num</span> <span class='ocrx_word' id='word_1_62' title='bbox 1303 2676 1447 2758; x_wconf 85' lang='lat' dir='ltr'>singulae</span> 
     </span>
     <span class='ocr_line' id='line_1_10' title="bbox 189 2779 1447 2862; baseline 0 -20"><span class='ocrx_word' id='word_1_63' title='bbox 189 2780 397 2862; x_wconf 89' lang='lat' dir='ltr'>genealogiae</span> <span class='ocrx_word' id='word_1_64' title='bbox 425 2801 442 2841; x_wconf 94' lang='lat' dir='ltr'>e</span> <span class='ocrx_word' id='word_1_65' title='bbox 472 2779 605 2841; x_wconf 93' lang='lat' dir='ltr'>consilio</span> <span class='ocrx_word' id='word_1_66' title='bbox 638 2780 721 2842; x_wconf 92' lang='lat' dir='ltr'>inter</span> <span class='ocrx_word' id='word_1_67' title='bbox 748 2801 783 2842; x_wconf 93' lang='lat' dir='ltr'>se</span> <span class='ocrx_word' id='word_1_68' title='bbox 816 2782 1004 2843; x_wconf 89' lang='lat' dir='ltr'>coniunctae</span> <span class='ocrx_word' id='word_1_69' title='bbox 1036 2783 1098 2845; x_wconf 92' lang='lat' dir='ltr'>sint</span> <span class='ocrx_word' id='word_1_70' title='bbox 1131 2804 1171 2845; x_wconf 91' lang='lat' dir='ltr'>eo</span> <span class='ocrx_word' id='word_1_71' title='bbox 1203 2785 1318 2856; x_wconf 90' lang='lat' dir='ltr'>modo,</span> <span class='ocrx_word' id='word_1_72' title='bbox 1349 2801 1447 2861; x_wconf 92' lang='lat' dir='ltr'>quem</span> 
     </span>
     <span class='ocr_line' id='line_1_11' title="bbox 190 2883 1139 2969; baseline 0.001 -21"><span class='ocrx_word' id='word_1_73' title='bbox 190 2883 271 2949; x_wconf 92' lang='lat' dir='ltr'>Otto</span> <span class='ocrx_word' id='word_1_74' title='bbox 295 2885 430 2948; x_wconf 75' lang='lat' dir='ltr'>Sierolca</span> <span class='ocrx_word' id='word_1_75' title='bbox 453 2885 659 2962; x_wconf 84' lang='lat' dir='ltr'>excogitavit,</span> <span class='ocrx_word' id='word_1_76' title='bbox 684 2887 834 2967; x_wconf 87' lang='lat' dir='ltr'>equidem</span> <span class='ocrx_word' id='word_1_77' title='bbox 857 2886 950 2948; x_wconf 93' lang='lat' dir='ltr'>valde</span> <span class='ocrx_word' id='word_1_78' title='bbox 972 2887 1139 2969; x_wconf 77' lang='lat' dir='ltr'>dubit0.⁶⁹)</span> 
     </span>
    </p>

    <p class='ocr_par' dir='ltr' id='par_1_4' title="bbox 187 2989 1447 4018">
     <span class='ocr_line' id='line_1_12' title="bbox 275 2989 1447 3074; baseline 0 -22"><span class='ocrx_word' id='word_1_79' title='bbox 275 2991 324 3052; x_wconf 91' lang='lat' dir='ltr'>Eo</span> <span class='ocrx_word' id='word_1_80' title='bbox 349 2992 451 3071; x_wconf 90' lang='lat' dir='ltr'>magis</span> <span class='ocrx_word' id='word_1_81' title='bbox 474 2989 588 3064; x_wconf 90' lang='lat' dir='ltr'>miror,</span> <span class='ocrx_word' id='word_1_82' title='bbox 621 2990 708 3068; x_wconf 93' lang='lat' dir='ltr'>quod</span> <span class='ocrx_word' id='word_1_83' title='bbox 731 3010 826 3053; x_wconf 91' lang='lat' dir='ltr'>nemo</span> <span class='ocrx_word' id='word_1_84' title='bbox 849 2993 970 3066; x_wconf 91' lang='lat' dir='ltr'>adhuc,</span> <span class='ocrx_word' id='word_1_85' title='bbox 1002 3002 1163 3074; x_wconf 91' lang='lat' dir='ltr'>quotquot</span> <span class='ocrx_word' id='word_1_86' title='bbox 1185 2992 1320 3055; x_wconf 91' lang='lat' dir='ltr'>Diodori</span> <span class='ocrx_word' id='word_1_87' title='bbox 1341 3011 1447 3053; x_wconf 89' lang='lat' dir='ltr'>rerum</span> 
     </span>
     <span class='ocr_line' id='line_1_13' title="bbox 190 3095 1447 3179; baseline -0.001 -22"><span class='ocrx_word' id='word_1_88' title='bbox 190 3096 533 3177; x_wconf 88' lang='lat' dir='ltr'>mythographicarum</span> <span class='ocrx_word' id='word_1_89' title='bbox 563 3095 668 3157; x_wconf 90' lang='lat' dir='ltr'>fontes</span> <span class='ocrx_word' id='word_1_90' title='bbox 692 3096 883 3177; x_wconf 89' lang='lat' dir='ltr'>investigare</span> <span class='ocrx_word' id='word_1_91' title='bbox 909 3099 967 3160; x_wconf 87' lang='lat' dir='ltr'>sibi</span> <span class='ocrx_word' id='word_1_92' title='bbox 996 3106 1248 3179; x_wconf 91' lang='lat' dir='ltr'>proposuerunt,</span> <span class='ocrx_word' id='word_1_93' title='bbox 1281 3096 1447 3176; x_wconf 91' lang='lat' dir='ltr'>quaesivit,</span> 
     </span>
     <span class='ocr_line' id='line_1_14' title="bbox 189 3200 1447 3284; baseline -0.001 -22"><span class='ocrx_word' id='word_1_94' title='bbox 189 3221 264 3263; x_wconf 93' lang='lat' dir='ltr'>num</span> <span class='ocrx_word' id='word_1_95' title='bbox 281 3201 353 3263; x_wconf 90' lang='lat' dir='ltr'>illae</span> <span class='ocrx_word' id='word_1_96' title='bbox 368 3210 477 3282; x_wconf 91' lang='lat' dir='ltr'>partes</span> <span class='ocrx_word' id='word_1_97' title='bbox 497 3200 631 3262; x_wconf 89' lang='lat' dir='ltr'>fortasse</span> <span class='ocrx_word' id='word_1_98' title='bbox 649 3200 756 3280; x_wconf 90' lang='lat' dir='ltr'>aliquo</span> <span class='ocrx_word' id='word_1_99' title='bbox 773 3204 1020 3284; x_wconf 83' lang='lat' dir='ltr'>propinquitatis</span> <span class='ocrx_word' id='word_1_100' title='bbox 1034 3202 1161 3266; x_wconf 91' lang='lat' dir='ltr'>vinculo</span> <span class='ocrx_word' id='word_1_101' title='bbox 1178 3204 1241 3265; x_wconf 93' lang='lat' dir='ltr'>sint</span> <span class='ocrx_word' id='word_1_102' title='bbox 1258 3201 1447 3263; x_wconf 89' lang='lat' dir='ltr'>coniunctae</span> 
     </span>
     <span class='ocr_line' id='line_1_15' title="bbox 188 3305 1447 3389; baseline 0 -23"><span class='ocrx_word' id='word_1_103' title='bbox 188 3325 261 3366; x_wconf 93' lang='lat' dir='ltr'>cum</span> <span class='ocrx_word' id='word_1_104' title='bbox 282 3305 478 3387; x_wconf 85' lang='lat' dir='ltr'>Apollodori</span> <span class='ocrx_word' id='word_1_105' title='bbox 508 3306 720 3380; x_wconf 88' lang='lat' dir='ltr'>bibliotheca,</span> <span class='ocrx_word' id='word_1_106' title='bbox 750 3327 848 3386; x_wconf 92' lang='lat' dir='ltr'>quam</span> <span class='ocrx_word' id='word_1_107' title='bbox 877 3309 921 3371; x_wconf 91' lang='lat' dir='ltr'>ita</span> <span class='ocrx_word' id='word_1_108' title='bbox 950 3308 1140 3389; x_wconf 89' lang='lat' dir='ltr'>dispositam</span> <span class='ocrx_word' id='word_1_109' title='bbox 1171 3327 1243 3370; x_wconf 88' lang='lat' dir='ltr'>esse</span> <span class='ocrx_word' id='word_1_110' title='bbox 1270 3325 1447 3387; x_wconf 87' lang='lat' dir='ltr'>numquam</span> 
     </span>
     <span class='ocr_line' id='line_1_16' title="bbox 189 3411 1445 3492; baseline -0.002 -19"><span class='ocrx_word' id='word_1_111' title='bbox 189 3431 254 3484; x_wconf 88' lang='lat' dir='ltr'>non</span> <span class='ocrx_word' id='word_1_112' title='bbox 283 3412 402 3492; x_wconf 88' lang='lat' dir='ltr'>patuit,</span> <span class='ocrx_word' id='word_1_113' title='bbox 434 3413 621 3492; x_wconf 90' lang='lat' dir='ltr'>praesertim</span> <span class='ocrx_word' id='word_1_114' title='bbox 652 3434 725 3475; x_wconf 95' lang='lat' dir='ltr'>cum</span> <span class='ocrx_word' id='word_1_115' title='bbox 756 3414 818 3475; x_wconf 91' lang='lat' dir='ltr'>iam</span> <span class='ocrx_word' id='word_1_116' title='bbox 849 3414 1019 3476; x_wconf 89' lang='lat' dir='ltr'>Eduardus</span> <span class='ocrx_word' id='word_1_117' title='bbox 1041 3413 1203 3476; x_wconf 87' lang='lat' dir='ltr'>Schwartz</span> <span class='ocrx_word' id='word_1_118' title='bbox 1226 3411 1445 3485; x_wconf 88' lang='lat' dir='ltr'>intellexisset,</span> 
     </span>
     <span class='ocr_line' id='line_1_17' title="bbox 188 3515 1447 3599; baseline -0.001 -22"><span class='ocrx_word' id='word_1_119' title='bbox 188 3515 416 3579; x_wconf 90' lang='lat' dir='ltr'>Thebanarum</span> <span class='ocrx_word' id='word_1_120' title='bbox 439 3516 618 3579; x_wconf 87' lang='lat' dir='ltr'>fabularum</span> <span class='ocrx_word' id='word_1_121' title='bbox 640 3527 766 3599; x_wconf 88' lang='lat' dir='ltr'>partem</span> <span class='ocrx_word' id='word_1_122' title='bbox 789 3529 821 3580; x_wconf 91' lang='lat' dir='ltr'>et</span> <span class='ocrx_word' id='word_1_123' title='bbox 844 3539 916 3580; x_wconf 90' lang='lat' dir='ltr'>cum</span> <span class='ocrx_word' id='word_1_124' title='bbox 939 3518 1145 3599; x_wconf 88' lang='lat' dir='ltr'>Apollodoro</span> <span class='ocrx_word' id='word_1_125' title='bbox 1161 3526 1194 3579; x_wconf 93' lang='lat' dir='ltr'>et</span> <span class='ocrx_word' id='word_1_126' title='bbox 1216 3536 1290 3579; x_wconf 92' lang='lat' dir='ltr'>cum</span> <span class='ocrx_word' id='word_1_127' title='bbox 1312 3516 1447 3596; x_wconf 87' lang='lat' dir='ltr'>Hygino</span> 
     </span>
     <span class='ocr_line' id='line_1_18' title="bbox 189 3619 1446 3704; baseline -0.002 -21"><span class='ocrx_word' id='word_1_128' title='bbox 189 3623 425 3702; x_wconf 81' lang='lat' dir='ltr'>consentire.⁶⁰)</span> <span class='ocrx_word' id='word_1_129' title='bbox 460 3619 516 3682; x_wconf 88' lang='lat' dir='ltr'>Sin</span> <span class='ocrx_word' id='word_1_130' title='bbox 529 3631 637 3685; x_wconf 90' lang='lat' dir='ltr'>autem</span> <span class='ocrx_word' id='word_1_131' title='bbox 653 3623 788 3686; x_wconf 90' lang='lat' dir='ltr'>Diodori</span> <span class='ocrx_word' id='word_1_132' title='bbox 804 3632 921 3704; x_wconf 91' lang='lat' dir='ltr'>partes,</span> <span class='ocrx_word' id='word_1_133' title='bbox 946 3643 1025 3702; x_wconf 89' lang='lat' dir='ltr'>quas</span> <span class='ocrx_word' id='word_1_134' title='bbox 1042 3622 1123 3685; x_wconf 91' lang='lat' dir='ltr'>Otto</span> <span class='ocrx_word' id='word_1_135' title='bbox 1138 3621 1272 3684; x_wconf 88' lang='lat' dir='ltr'>Sieroka</span> <span class='ocrx_word' id='word_1_136' title='bbox 1288 3621 1446 3694; x_wconf 89' lang='lat' dir='ltr'>indicavit,</span> 
     </span>
     <span class='ocr_line' id='line_1_19' title="bbox 189 3725 1447 3810; baseline -0.002 -23"><span class='ocrx_word' id='word_1_137' title='bbox 189 3725 382 3807; x_wconf 87' lang='lat' dir='ltr'>Apollodori</span> <span class='ocrx_word' id='word_1_138' title='bbox 411 3726 625 3789; x_wconf 89' lang='lat' dir='ltr'>bibliothecae</span> <span class='ocrx_word' id='word_1_139' title='bbox 648 3730 848 3810; x_wconf 90' lang='lat' dir='ltr'>propinquae</span> <span class='ocrx_word' id='word_1_140' title='bbox 870 3729 948 3803; x_wconf 91' lang='lat' dir='ltr'>sint,</span> <span class='ocrx_word' id='word_1_141' title='bbox 980 3748 1085 3791; x_wconf 90' lang='lat' dir='ltr'>nonne</span> <span class='ocrx_word' id='word_1_142' title='bbox 1108 3737 1276 3790; x_wconf 92' lang='lat' dir='ltr'>teneamus</span> <span class='ocrx_word' id='word_1_143' title='bbox 1304 3725 1447 3788; x_wconf 88' lang='lat' dir='ltr'>eiusdem</span> 
     </span>
     <span class='ocr_line' id='line_1_20' title="bbox 188 3829 1446 3914; baseline -0.001 -23"><span class='ocrx_word' id='word_1_144' title='bbox 188 3830 284 3893; x_wconf 85' lang='lat' dir='ltr'>fontis</span> <span class='ocrx_word' id='word_1_145' title='bbox 306 3832 504 3912; x_wconf 88' lang='lat' dir='ltr'>particulam,</span> <span class='ocrx_word' id='word_1_146' title='bbox 532 3833 620 3894; x_wconf 91' lang='lat' dir='ltr'>cuius</span> <span class='ocrx_word' id='word_1_147' title='bbox 642 3833 706 3894; x_wconf 88' lang='lat' dir='ltr'>iam</span> <span class='ocrx_word' id='word_1_148' title='bbox 728 3853 825 3914; x_wconf 87' lang='lat' dir='ltr'>supra</span> <span class='ocrx_word' id='word_1_149' title='bbox 847 3835 983 3914; x_wconf 84' lang='lat' dir='ltr'>vestigia</span> <span class='ocrx_word' id='word_1_150' title='bbox 1005 3834 1036 3895; x_wconf 93' lang='lat' dir='ltr'>in</span> <span class='ocrx_word' id='word_1_151' title='bbox 1057 3832 1193 3895; x_wconf 92' lang='lat' dir='ltr'>Diodori</span> <span class='ocrx_word' id='word_1_152' title='bbox 1205 3829 1446 3911; x_wconf 88' lang='lat' dir='ltr'>Argonauticis,</span> 
     </span>
     <span class='ocr_line' id='line_1_21' title="bbox 187 3934 1317 4018; baseline -0.001 -20"><span class='ocrx_word' id='word_1_153' title='bbox 187 3936 219 3999; x_wconf 91' lang='lat' dir='ltr'>in</span> <span class='ocrx_word' id='word_1_154' title='bbox 241 3936 370 3999; x_wconf 92' lang='lat' dir='ltr'>scholiis</span> <span class='ocrx_word' id='word_1_155' title='bbox 393 3937 626 4018; x_wconf 86' lang='lat' dir='ltr'>Apollonianis,</span> <span class='ocrx_word' id='word_1_156' title='bbox 653 3938 739 4018; x_wconf 92' lang='lat' dir='ltr'>apud</span> <span class='ocrx_word' id='word_1_157' title='bbox 762 3936 1003 4018; x_wconf 93' lang='lat' dir='ltr'>Apollodorum</span> <span class='ocrx_word' id='word_1_158' title='bbox 1027 3934 1317 4018; x_wconf 87' lang='lat' dir='ltr'>deprehendimus?</span> 
     </span>
    </p>
   </div>
   <div class='ocr_carea' id='block_1_4' title="bbox 187 4171 1447 4416">
    <p class='ocr_par' dir='ltr' id='par_1_5' title="bbox 187 4171 1447 4416">
     <span class='ocr_line' id='line_1_22' title="bbox 274 4171 1447 4240; baseline -0.003 -17"><span class='ocrx_word' id='word_1_159' title='bbox 274 4171 309 4238; x_wconf 61' lang='grc' dir='ltr'>δ’)</span> <span class='ocrx_word' id='word_1_160' title='bbox 330 4174 437 4237; x_wconf 83' lang='lat' dir='ltr'>Quantis</span> <span class='ocrx_word' id='word_1_161' title='bbox 455 4175 571 4234; x_wconf 81' lang='lat' dir='ltr'>artificiis,</span> <span class='ocrx_word' id='word_1_162' title='bbox 591 4183 619 4223; x_wconf 92' lang='lat' dir='ltr'>ut</span> <span class='ocrx_word' id='word_1_163' title='bbox 631 4175 745 4224; x_wconf 92' lang='lat' dir='ltr'>ordinem</span> <span class='ocrx_word' id='word_1_164' title='bbox 758 4174 909 4234; x_wconf 83' lang='lat' dir='ltr'>ostenderet,</span> <span class='ocrx_word' id='word_1_165' title='bbox 927 4191 990 4240; x_wconf 91' lang='lat' dir='ltr'>opus</span> <span class='ocrx_word' id='word_1_166' title='bbox 1002 4174 1085 4233; x_wconf 84' lang='lat' dir='ltr'>fuerit,</span> <span class='ocrx_word' id='word_1_167' title='bbox 1100 4174 1195 4239; x_wconf 91' lang='lat' dir='ltr'>optime</span> <span class='ocrx_word' id='word_1_168' title='bbox 1208 4173 1335 4239; x_wconf 81' lang='lat' dir='ltr'>intellegis</span> <span class='ocrx_word' id='word_1_169' title='bbox 1347 4188 1361 4222; x_wconf 88' lang='lat' dir='ltr'>e</span> <span class='ocrx_word' id='word_1_170' title='bbox 1374 4188 1400 4237; x_wconf 89' lang='lat' dir='ltr'>p.</span> <span class='ocrx_word' id='word_1_171' title='bbox 1416 4171 1447 4220; x_wconf 89' lang='lat'>16</span> 
     </span>
     <span class='ocr_line' id='line_1_23' title="bbox 187 4261 701 4329; baseline 0.008 -19"><span class='ocrx_word' id='word_1_172' title='bbox 187 4279 214 4314; x_wconf 89' lang='lat' dir='ltr'>n.</span> <span class='ocrx_word' id='word_1_173' title='bbox 235 4261 364 4327; x_wconf 88' lang='lat' dir='ltr'>(Coronis)</span> <span class='ocrx_word' id='word_1_174' title='bbox 384 4271 408 4312; x_wconf 89' lang='lat' dir='ltr'>et</span> <span class='ocrx_word' id='word_1_175' title='bbox 426 4279 440 4312; x_wconf 92' lang='lat' dir='ltr'>e</span> <span class='ocrx_word' id='word_1_176' title='bbox 457 4281 483 4329; x_wconf 93' lang='lat' dir='ltr'>p.</span> <span class='ocrx_word' id='word_1_177' title='bbox 505 4276 534 4327; x_wconf 89' lang='lat'>17</span> <span class='ocrx_word' id='word_1_178' title='bbox 555 4262 701 4328; x_wconf 81' lang='lat' dir='ltr'>(Harpina).</span> 
     </span>
     <span class='ocr_line' id='line_1_24' title="bbox 273 4347 766 4416; baseline 0.002 -17"><span class='ocrx_word' id='word_1_179' title='bbox 273 4347 310 4416; x_wconf 78' lang='lat'>⁶⁰)</span> <span class='ocrx_word' id='word_1_180' title='bbox 330 4350 361 4400; x_wconf 90' lang='lat' dir='ltr'>de</span> <span class='ocrx_word' id='word_1_181' title='bbox 379 4351 459 4401; x_wconf 90' lang='lat' dir='ltr'>schol.</span> <span class='ocrx_word' id='word_1_182' title='bbox 481 4351 559 4402; x_wconf 88' lang='lat' dir='ltr'>Hom.</span> <span class='ocrx_word' id='word_1_183' title='bbox 577 4368 603 4416; x_wconf 89' lang='lat' dir='ltr'>p.</span> <span class='ocrx_word' id='word_1_184' title='bbox 623 4362 766 4416; x_wconf 82' lang='lat'>452—454.</span> 
     </span>
    </p>
   </div>
   <div class='ocr_carea' id='block_1_5' title="bbox 0 0 1696 5228">
    <p class='ocr_par' dir='ltr' id='par_1_6' title="bbox 0 0 1696 5228">
     <span class='ocr_line' id='line_1_25' title="bbox 0 0 1696 5228; baseline 0 0"><span class='ocrx_word' id='word_1_185' title='bbox 0 0 1696 5228; x_wconf 95' lang='lat' dir='ltr'> </span> 
     </span>
    </p>
   </div>
  </div>
 </body>
</html>
