3382 5228
718 470 929 533 „29-

198 629 307 684 autem
329 621 456 685 titulum
479 622 589 686 libello
611 633 723 704 aptum
746 643 825 697 esse,
850 643 947 702 quem
965 623 1128 685 Diodorus
1149 626 1299 698 excussit,
1324 625 1453 686 demon·

198 736 300 789 strant
324 728 422 789 verba
452 749 479 792 c.
503 743 539 808 71
567 728 746 808 §4haect
781 726 977 812 »διῃρημένης
999 727 1107 807 δι’,τῆς
1134 727 1297 807 δυνάμεως,
1321 730 1371 790 καὶ
1393 739 1454 790 τῶν

194 830 251 911 μὲν
279 833 398 915 ἀνδρῶν
425 842 662 915 στρατηγοῦντος
685 832 841 909 Διονύσου,
875 841 937 893 τῶν
967 832 1000 894 <lt
1030 842 1179 913 γυναικῶν
1207 835 1262 914 τὴν
1292 835 1453 917 ἠγεμονίαν

197 937 319 1018 ἐχούσης
335 932 484 1018 Ἀθηνᾶςι
497 938 547 1018 ⁸4).

282 1044 387 1106 Pauca
409 1044 556 1105 addenda
579 1052 662 1110 sunt.
708 1042 830 1125 Capitis
855 1058 891 1123 55
917 1046 937 1122 ξ
961 1045 989 1118 8,
1014 1044 1066 1106 ubi
1089 1042 1335 1107 Samothracam
1358 1055 1452 1107 antea

198 1147 332 1211 Samum
354 1150 551 1210 nominatam
581 1168 652 1211 esse
681 1147 852 1211 nonnullos
886 1149 1013 1211 tradere
1042 1150 1190 1225 adnotat,
1224 1151 1388 1213 Diodorus
1410 1172 1453 1213 ex

197 1255 260 1317 alio
290 1254 377 1316 fonte
407 1255 551 1328 inseruit,
582 1274 647 1333 quo
670 1255 766 1317 etiam
789 1253 831 1315 V.
854 1269 895 1333 47
919 1275 994 1316 usus
1024 1264 1088 1330 est;
1120 1256 1208 1318 cuius
1236 1264 1348 1319 auctor
1370 1256 1453 1318 hanc

198 1369 307 1422 notam
331 1379 374 1421 ex
395 1358 579 1421 Aristotelis
600 1360 680 1421 libro
703 1351 917 1445 Σαμοθρᾴκων
938 1359 1114 1440 nolentum)
1137 1361 1289 1443 inscripto
1306 1363 1452 1443 sumpsit.

131 1518 133 1523 .
198 1466 233 1528 ln
248 1465 361 1546 capitis
385 1465 460 1543 56§
486 1480 504 1525 2
527 1464 661 1526 Homeri
686 1485 796 1526 versus
811 1459 849 1530 Ξ.
872 1480 934 1526 200
956 1485 1004 1544 sq.
1028 1464 1069 1526 ab
1092 1466 1162 1546 ipso
1178 1464 1454 1546 Scytobrachione

199 1573 287 1653 quasi
315 1570 532 1633 testimonium
557 1590 627 1632 esse
648 1570 775 1651 adpicta
800 1557 874 1631 mihi
896 1590 959 1632 non
982 1591 1115 1651 possum
1137 1573 1347 1653 persuadere,
1379 1593 1452 1635 cum

198 1696 301 1755 neque
324 1674 634 1757 Scytobrachionem
657 1675 687 1736 in
710 1695 769 1736 suo
791 1676 831 1736 de
852 1675 981 1737 Baccho
1004 1675 1085 1738 libro
1108 1676 1287 1739 Homerum
1310 1677 1453 1740 attulisse

197 1783 265 1844 veri
279 1783 319 1845 sit
341 1781 452 1855 simile,
476 1801 580 1862 neque
602 1780 683 1842 luno
705 1780 836 1842 omnino
858 1781 889 1842 in
912 1781 974 1844 hoc
995 1782 1151 1863 opusculo
1173 1793 1452 1846 commemoretur.

198 1887 417 1951 Atlantiorum
440 1895 548 1948 autem
570 1884 684 1948 fabulis
707 1885 874 1948 occasione
898 1907 987 1959 usus,
1019 1907 1116 1968 quam
1138 1888 1285 1968 praebuit
1308 1889 1454 1950 Βασίλεια

198 1995 217 2073 η
238 1991 352 2073 μεγάλη
371 1992 472 2074 μήτηρ
494 1991 593 2053 Urani
615 1990 692 2064 filia,
724 1991 920 2072 Hyperionis
944 2012 1041 2066 uxor,
1073 2013 1091 2054 a
1113 1992 1273 2074 Dionysio
1300 1996 1352 2073 (57
1376 1997 1397 2073 ξ
1421 1997 1452 2075 3)

199 2108 470 2172 commemorata,
494 2098 657 2159 Diodorus
680 2117 722 2157 ex
750 2096 813 2158 alio
836 2096 924 2159 fonte
946 2098 1052 2178 capita
1076 2099 1114 2178 58
1137 2107 1170 2160 et
1195 2113 1233 2177 59
1255 2100 1295 2160 de
1318 2097 1452 2178 Cybela,

198 2204 366 2266 inseruisse
389 2203 522 2264 videtur.
556 2201 641 2263 Nam
662 2222 858 2283 quamquam
878 2202 1039 2283 Apollinis
1061 2212 1094 2265 et
1108 2202 1258 2282 Marsyae
1281 2213 1453 2280 certamen,

198 2309 286 2388 quod
309 2328 334 2370 c.
362 2322 401 2386 59
423 2311 442 2387 ξ
467 2323 484 2369 2
506 2327 578 2387 sqq.
601 2305 749 2380 refertur,
778 2307 889 2386 Nysae
917 2306 1045 2370 Baccho
1073 2317 1242 2388 praesente
1264 2318 1296 2371 et
1317 2309 1455 2390 Nysaeis

198 2413 353 2476 iudicibus
376 2410 421 2486 fit,
445 2422 553 2474 tamen
569 2413 656 2474 nullo
672 2412 735 2474 alio
751 2412 878 2474 vinculo
896 2411 976 2474 haec
995 2413 1101 2494 capita
1120 2433 1192 2475 cum
1209 2411 1454 2493 Scytobrachio-

198 2519 247 2580 nis
262 2519 313 2582 vel
330 2517 536 2598 Thymoetae
557 2517 788 2580 narrationibus
803 2516 984 2580 cohaerent.
1016 2517 1185 2581 Praeterea
1200 2539 1282 2592 cum,
1299 2529 1454 2598 quantum

198 2625 335 2704 Dionysi
351 2632 535 2686 commenta
550 2643 745 2705 cognoscere
765 2622 847 2697 licet,
865 2643 929 2685 non
944 2625 1142 2686 inveniantur
1161 2624 1265 2686 variae
1281 2624 1323 2685 de
1338 2624 1454 2686 eodem

198 2728 328 2791 homine
351 2730 417 2790 sive
440 2730 502 2791 deo
524 2729 683 2800 historiae,
709 2748 773 2789 non
795 2727 846 2789 hic
867 2728 955 2790 solus
978 2727 1068 2791 locus
1083 2728 1151 2791 aliis
1168 2730 1271 2791 causis
1286 2739 1455 2811 suspectus

198 2835 323 2897 admitti
354 2843 471 2915 potest.
516 2835 664 2915 Denique
687 2833 855 2895 historicus
877 2854 913 2895 se
942 2834 1047 2915 capita
1077 2833 1130 2896 illa
1160 2834 1286 2897 aliunde
1317 2836 1454 2897 inserere

200 2940 270 3021 ipse
293 2938 383 3001 fateri
408 2940 531 3001 videtur
554 2961 580 3001 e.
606 2941 644 3018 58
668 2941 688 3018 ξ
713 2955 744 3001 1:
779 2937 998 3022 »παραδίδοται
1022 2937 1054 2999 δὲ
1083 2949 1138 3019 τῆς
1166 2943 1243 3001 θεοῦ
1270 2941 1382 3020 ταύτης
1404 2940 1455 3000 καὶ

200 3046 278 3105 κατὰ
312 3045 367 3124 τὴν
402 3045 538 3127 Φρυγίαν
567 3043 707 3127 γένισιςι,
730 3052 762 3105 et
782 3065 808 3106 c.
835 3058 875 3123 59
904 3047 923 3124 ξ
946 3047 964 3107 8
988 3066 1012 3106 S.
1037 3044 1056 3107 l.
1084 3045 1167 3126 »περὶ
1189 3043 1246 3124 μὲν
1267 3040 1319 3106 οὖν
1339 3045 1455 3127 μητρὸς

199 3153 282 3210 θεῶν
307 3159 433 3211 τοιαῦτα
457 3153 673 3231 μυθολογεῖται
694 3148 777 3231 παρά
803 3171 834 3208 τε
862 3157 925 3221 τοῖς
956 3151 1050 3233 Φρυξὶ
1081 3153 1136 3230 (sc.
1160 3171 1186 3212 c.
1213 3153 1251 3229 58
1275 3159 1307 3213 et
1329 3151 1380 3232 59)
1404 3151 1455 3210 καὶ

199 3263 262 3328 τοῖς
281 3253 464 3328 Ἀτλαντίοις
485 3264 548 3327 τοῖς
571 3255 653 3337 παρὰ
674 3255 726 3314 τὸν
743 3244 888 3315 Ὠκέανον
904 3256 1032 3317 niundon
1053 3256 1186 3334 (scilicet
1207 3277 1233 3318 e.
1253 3270 1291 3336 57
1309 3259 1329 3336 ξ
1348 3256 1452 3335 3-8).

288 3359 409 3442 Capitis
431 3361 468 3422 61
496 3364 517 3440 ξ
543 3377 558 3439 3
580 3361 701 3421 initium
727 3360 809 3422 adl.
834 3360 875 3423 V.
899 3383 925 3422 c.
949 3363 992 3437 64
1013 3369 1148 3443 spectat,
1174 3362 1261 3442 quod
1284 3382 1302 3423 a
1325 3359 1453 3440 Scytro-

199 3466 371 3529 brachione
394 3466 531 3528 alienum
554 3484 627 3527 esse
648 3474 792 3546 apparet.

287 3571 401 3652 Capite
424 3587 465 3651 73
489 3573 509 3650 ξ
533 3587 551 3632 2
574 3570 743 3632 historicus
770 3572 919 3643 adnotat,
947 3572 1122 3633 secundum
1145 3569 1316 3633 nonnullos
1346 3589 1455 3634 revera

199 3676 398 3739 Ammonem
436 3676 540 3738 arietis
577 3695 697 3738 cornua
729 3674 838 3738 tulisse
872 3695 910 3736 ac
942 3684 1114 3757 propterea
1147 3678 1244 3738 etiam
1281 3675 1453 3749 Bacchum,

200 3783 319 3864 quippe
342 3783 395 3860 qui
418 3783 484 3844 eius
506 3781 600 3844 luerit
620 3779 719 3844 filius:
749 3780 931 3857 adnotatio,
962 3800 1045 3861 quae
1067 3780 1142 3864 nihil
1171 3783 1213 3843 ad
1236 3802 1303 3844 rem
1326 3781 1401 3843 lacit
1422 3790 1455 3842 et

199 3890 305 3968 inepte
327 3887 540 3975 narrationem
563 3884 679 3960 turbat,
703 3885 784 3963 talis
808 3886 935 3965 qualem
959 3896 991 3947 et
1015 3895 1083 3949 tum
1104 3896 1137 3948 et
1158 3887 1255 3949 hodie
1273 3887 1369 3949 etiam
1388 3887 1455 3948 sine

199 3992 381 4056 auctoribus
406 4014 485 4055 unus
509 3993 642 4072 quisque
666 4012 724 4073 per
744 4012 779 4054 se
802 3990 905 4054 lacere
928 4000 1045 4073 potest.

285 4177 320 4247 ³⁴)
340 4179 422 4242 Quem
444 4180 529 4230 locum
553 4180 603 4229 iam
627 4181 660 4229 ub
684 4180 832 4228 Hermanno
856 4178 960 4227 allatum
984 4194 1051 4239 esse,
1079 4178 1240 4228 Godolredus
1259 4179 1404 4243 Bernhardy
1422 4179 1455 4228 ad

200 4269 293 4319 Suidae
311 4269 396 4318 locum
413 4269 527 4318 adnotat.
548 4295 580 4304 -
605 4267 746 4317 Fridericus
763 4265 796 4318 G.
814 4267 933 4316 Welcker
957 4263 1098 4319 Διονύσου
1117 4271 1165 4319 καὶ
1186 4262 1304 4332 Ἀθηνᾶς
1322 4260 1455 4337 στρατιάν
1545 4333 1546 4336 ¹

199 4359 251 4407 duo
269 4373 346 4423 opera
363 4372 417 4405 esse
435 4356 542 4405 coniecit
561 4354 688 4420 (epischer
705 4354 802 4418 Cyklus
820 4352 854 4403 1²
872 4372 898 4420 p.
918 4353 970 4422 77).

284 4443 320 4512 ll)
340 4463 364 4495 v.
382 4445 461 4496 schol.
479 4444 600 4509 Apollon.
619 4445 669 4495 Rh.
689 4444 708 4491 Ι.
729 4456 789 4506 917,
810 4444 827 4493 l.
847 4457 879 4492 20
900 4459 956 4508 sqq.
