3382 5228
857 412 1065 472 „55-

336 582 514 649 fabularum
536 584 749 646 narrationem
771 581 906 644 Diodori
928 601 1001 644 curn
1023 581 1217 644 bibliotheca
1238 580 1497 662 comparaveris,
1524 603 1613 646 con·

247 683 250 689 ’
336 688 443 762 cedes,
470 688 565 770 plane
595 708 667 750 earn
690 708 762 750 esse
783 688 919 749 eandem
941 688 998 749 sed
1020 687 1160 749 breviter
1181 695 1387 752 contractam.
1432 683 1613 752 Conferas

336 795 480 873 quemvis
509 793 600 855 huius
622 793 721 874 partis
744 792 864 866 locum,
888 812 1001 855 omnes
1022 793 1148 866 itidem,
1173 792 1261 873 quod
1281 792 1362 865 dixi,
1392 789 1610 871 probabunt,

336 898 435 961 Velut
457 898 541 961 hunc
562 898 693 980 perlege
716 906 940 979 comparatum
962 918 1036 960 cum
1060 897 1254 960 bibliotheca
1277 905 1309 959 et
1331 897 1476 977 Hygino,

368 1051 475 1101 Diodor.
496 1053 541 1102 IV.
561 1052 602 1118 65.
627 1066 635 1100 1
657 1068 694 1116 sq.
813 1052 877 1103 bibl.
895 1069 920 1116 p.
939 1065 971 1116 93
989 1052 1006 1101 l.
1028 1066 1037 1100 1
1059 1067 1116 1116 sqq.
1257 1052 1327 1116 Hyg.
1346 1051 1398 1101 fab.
1416 1051 1458 1108 68,
1475 1051 1524 1116 ¹69.

369 1143 561 1210 πρεσβυτέρου
594 1136 621 1191 δ’
655 1135 737 1200 ὄντος
797 1140 948 1200 ...τινὲς
985 1141 1015 1193 δὲ
1051 1139 1162 1210 πρῶτον
1222 1141 1264 1191 68.
1290 1141 1431 1206 Polynices,
1446 1139 1607 1206 Oedipodis

335 1223 520 1294 Ἐτεοκλέους,
544 1233 646 1281 τοῦτον
663 1231 737 1301 πρῶ·
761 1226 900 1282 Ἐτεοκλέα
913 1223 1035 1297 άρξαντα
1048 1224 1087 1300 μὴ
1098 1225 1162 1294 flori·
1188 1231 1264 1288 lilins,
1285 1235 1464 1294 annoperacto
1482 1245 1607 1293 regnum

334 1335 384 1369 τον
402 1310 490 1387 ἄρξαι,
510 1320 559 1370 καὶ
574 1315 737 1378 διελθόντος
763 1322 863 1371 λεσθαι
898 1318 1077 1387 παραδοῦναι
1111 1316 1163 1385 τὴν
1188 1320 1220 1368 ab
1239 1318 1343 1368 Eteocle
1363 1318 1438 1366 fratre
1456 1319 1562 1381 repetit.

335 1415 385 1456 τοῦ
401 1401 510 1477 χρόνον
527 1404 566 1477 μὴ
582 1403 736 1472 βούλεσθαι
762 1409 914 1472 βασιλείαν.
1223 1407 1266 1456 ille
1284 1404 1372 1456 cedere
1390 1405 1479 1456 noluit.

335 1489 738 1566 παραδιδόναιτὴνβασιλείαν·

339 1582 389 1635 τὸν
415 1583 446 1636 δὲ
470 1584 643 1650 Πολυνείκην
668 1580 738 1637 κατά

339 1669 389 1732 τὰς
420 1669 573 1744 ὁμολογίας
608 1668 739 1727 ἀπαιτεῖν

339 1758 389 1828 τὴν
409 1757 510 1831 ἀυτήν·

381 1904 431 1950 τοῦ
466 1896 497 1950 δὲ
536 1893 662 1968 ἀδελφοῦ
695 1897 734 1969 μὴ
813 1898 1006 1968 φυγαδευθεὶς
1040 1893 1070 1949 δ’
1112 1893 1162 1951 οὖν
1241 1899 1283 1960 69,
1416 1901 1462 1948 sub
1497 1901 1599 1953 eodem

337 1984 529 2047 ὑπακούοντος
563 1992 665 2057 φυγεῖν
697 1991 736 2045 εἰς
761 1989 932 2051 Πολυνείκης
943 1986 973 2039 έκ
986 1988 1085 2052 Θηβῶν
1097 1973 1162 2052 ηκεν
1188 1994 1300 2051 tempore
1341 1988 1473 2052 Polynices
1511 1988 1597 2039 Oedi·

329 2073 427 2147 ’Ἀργος
441 2071 511 2148 πρὸς
520 2071 674 2149 Ἄδραστον
686 2075 736 2130 τὸν
761 2070 968 2145 είς’Ἀργος,τόν
976 2093 1006 2128 τε
1017 2072 1161 2146 ὅρμονκαλ
1186 2076 1261 2140 podis
1296 2076 1361 2125 filins
1402 2075 1521 2140 expulsus
1559 2079 1596 2127 ab

334 2167 457 2229 βασιλέα.
761 2160 813 2215 τὸν
831 2167 942 2216 πέπλον
961 2164 1045 2231 ἔχων·
1067 2165 1158 2230 ἐβασί-
1188 2164 1291 2214 Eteocle
1309 2164 1384 2215 fratre
1403 2164 1436 2213 ad
1451 2163 1595 2214 Adrastum

761 2252 823 2303 λευε
833 2251 864 2304 δὲ
880 2247 997 2324 Ἄργους
1011 2251 1163 2323 ’Ἄδραστος
1188 2253 1288 2302 devenit

761 2336 916 2394 ὁΤαλαοῦ.

794 2481 842 2530 καὶ
867 2483 926 2538 τοῖς
951 2476 1052 2531 τούτου
1079 2485 1160 2545 βασι·
1221 2487 1246 2529 et
1263 2478 1367 2543 Tydeus
1379 2477 1453 2526 simul
1465 2475 1546 2525 Oenei
1565 2485 1594 2527 et

761 2569 844 2626 λείοις
857 2563 962 2640 νύκτωρ
976 2565 1161 2636 προσπελάζει
1187 2569 1323 2618 Periboeae
1341 2567 1457 2632 captivae
1481 2564 1548 2612 lilius
1577 2581 1595 2614 a

760 2659 806 2708 καὶ
817 2653 952 2708 συνάπτει
966 2653 1061 2726 μάχην
1077 2658 1164 2711 Ἰυδεῖ
1187 2664 1272 2722 patre,
1295 2656 1365 2720 quod
1385 2656 1485 2703 fratrem
1502 2654 1593 2702 Mena·

760 2745 800 2810 τῷ
811 2747 912 2804 Οἰνέως
922 2741 1057 2815 φεύγοντι
1066 2747 1161 2797 Καλυ·
1187 2747 1287 2810 lippum
1310 2744 1336 2792 in
1364 2742 1498 2793 venatione
1524 2741 1593 2790 occi-

762 2833 837 2885 δῶνα
856 2831 900 2896 (cf.
919 2851 944 2898 p.
963 2848 1002 2892 20,
1022 2834 1039 2884 l.
1059 2846 1072 2898 5
1089 2851 1159 2900 sqq.:
1189 2835 1318 2883 derat...

764 2921 895 2980 Τυδεύς.
921 2962 926 2973 .
952 2959 957 2971 .
981 2919 1163 2992 ἐφυγαδεύθη

368 2995 436 3051 καθ’
453 2995 485 3051 ὃν
498 2994 531 3064 δὴ
546 2995 649 3069 χρόνον
665 3003 735 3068 φασὶ
762 3015 871 3069 mem
888 3049 894 3061 ,
914 3048 920 3060 ,
940 3048 946 3060 ,
965 3005 1002 3069 ὡς
1025 3010 1056 3062 δὲ
1080 3006 1095 3060 ὁ
1114 3009 1165 3074 η’,η

336 3086 594 3148 Τλίδέαῒόλίοῖνέως
610 3090 735 3141 virtiv·
777 3096 963 3166 Ἀλκμεωνίδα
986 3094 1145 3167 γεγραφώς,
1209 3112 1218 3129 ⁸

337 3177 406 3230 (λῶνί
429 3177 495 3236 τοὺς
516 3171 650 3245 ἀνεψιοὺς
675 3174 736 3230 ἅλ’ἕ·
762 3187 827 3246 τοὺς
854 3190 985 3246 Μέλανος
1009 3185 1043 3253 [v‚
1071 3206 1096 3252 p,
1123 3201 1162 3250 17¹

338 3259 420 3317 λόντα
439 3303 445 3315 .
464 3304 470 3315 .
490 3304 497 3317 .
517 3269 619 3334 φυγεῖν
642 3267 672 3318 ἐκ
690 3268 738 3332 τῆς
762 3277 780 3325 1,
802 3275 842 3341 16]
867 3276 974 3334 παῖδας
994 3314 1001 3326 ,
1022 3317 1027 3328 ,
1048 3315 1053 3325 ,
1074 3273 1111 3336 ὡς
1133 3276 1164 3329 di

339 3356 480 3412 Αἷῐωλίας
497 3355 537 3412 εἷς
548 3348 655 3423 Ἄργος·
764 3361 922 3432 Φερεκύδης
932 3369 1027 3432 φησίν,
1038 3361 1165 3418 Ὠλενίαν

764 3449 890 3520 ἀδελφὸν
906 3452 997 3517 ἴδιον),

361 3584 738 3664 ’Ἀδραστονδὲάμφοτέρους
798 3592 951 3660 γενομένης
976 3589 1007 3642 δὲ
1031 3569 1179 3659 ἐξαίφνης
1222 3595 1344 3656 Adrasto¹
1370 3594 1444 3643 Talai
1468 3602 1492 3642 et
1510 3593 1591 3656 Eury·
1657 3653 1659 3656 Α

247 3751 248 3754 ¹
340 3674 547 3751 ὑποδεξάμενον
558 3678 738 3751 φιλοφρόνως
764 3676 831 3743 βοῆς
853 3675 1163 3747 ἔπιφανελςἎδραστος
1188 3699 1275 3732 nomes
1298 3682 1364 3742 filio,
1392 3697 1538 3748 responsum
1556 3681 1589 3729 ab

338 3764 407 3822 κατά
427 3789 454 3821 τι
473 3763 571 3836 λόγιον
582 3775 738 3822 συνοικίσαι
765 3764 890 3819 διέλυσεν
902 3767 1011 3831 αὐτούς,
1031 3771 1079 3821 καὶ
1089 3765 1163 3840 μάν·
1188 3773 1311 3837 Apolline
1341 3772 1397 3830 suit,
1434 3787 1491 3821 eum
1526 3769 1591 3819 filias

355 3856 404 3917 τάς
431 3859 590 3929 θυγατέρας
617 3858 719 3924 αὐτοῖς,
764 3849 834 3914 τειύς
864 3875 938 3916 τινος
970 3855 1164 3928 ὑπομνησθεὶς
1190 3878 1247 3912 suas
1277 3899 1283 3912 .
1308 3899 1314 3913 .
1340 3898 1347 3912 .
1376 3876 1438 3925 apro
1468 3867 1493 3909 et
1522 3858 1591 3909 leoni

336 3941 462 4015 Ἀργείαν
488 3945 541 4018 μὲν
568 3949 738 4013 Πολυνείκει,
766 3946 894 4014 λέγοντος
912 3944 988 4012 αὐτῷ
1001 3941 1100 4019 κάπρῳ
1117 3949 1163 4000 καὶ
1191 3951 1306 4000 daturum
1324 3951 1351 4000 in
1366 3950 1536 4015 conjugium.
1557 3987 1562 3998 .
1583 3985 1591 4000 .

338 4031 486 4101 Δηιπύλην
504 4034 535 4087 δὲ
556 4033 647 4087 Τυδεῖ.
766 4035 856 4088 λέοντι
874 4037 997 4097 συζεῦξαι
1012 4035 1163 4105 τάςθυγα·
1191 4040 1263 4089 Tunc
1290 4056 1332 4089 rex
1359 4038 1471 4104 responsi
1494 4053 1591 4086 memor

372 4117 599 4192 εὐδοκιμούντων
627 4124 658 4177 δὲ
684 4127 740 4178 τῶν
765 4127 852 4197 τέρας,
879 4118 1056 4198 ἂμφοτέρους
1075 4127 1164 4180 εἵλετο
1191 4127 1295 4191 Argiam
1317 4128 1360 4176 dat
1383 4127 1510 4192 Polynici,
1534 4163 1539 4175 .
1559 4163 1589 4176 ..

339 4214 490 4262 νεανίσκων
531 4215 578 4264 καὶ
616 4208 740 4285 μεγάλης
765 4215 907 4283 νυμφίους
933 4253 940 4267 .
961 4256 967 4268 .
988 4251 994 4265 .
1020 4219 1108 4285 γαμεῖ
1134 4213 1165 4268 δὲ
1191 4216 1327 4281 Deipylam
1345 4216 1467 4265 minorem
1485 4215 1528 4264 dat
1538 4216 1590 4278 Ty-

338 4292 481 4366 ἀποδοχῆς
505 4295 560 4352 ὑπὸ
584 4305 634 4354 τοῦ
659 4308 738 4368 βασι·
764 4298 910 4368 Δηιπύλην
951 4304 1004 4373 μὲν
1051 4304 1164 4369 Τυδεύς,
1191 4304 1298 4355 deo...
1323 4308 1357 4355 At
1369 4305 1501 4368 Polynices
1519 4311 1591 4366 rogat

339 4387 405 4447 λέως
428 4390 638 4457 τυγχανόντων,
665 4393 736 4459 φασὶ
761 4386 887 4458 Ἀργείην
906 4391 937 4443 δὲ
954 4395 1129 4457 Πολυνείκης.
1190 4392 1333 4454 Adrastum,
1353 4401 1380 4442 ut
1393 4392 1440 4442 sibi
1455 4390 1590 4442 exercitum
