3382 5228
739 477 950 538 -34-

216 634 430 698 Christianum
447 629 485 692 G.
501 629 617 709 Heyne
633 637 770 698 secutus,
794 648 897 708 paene
920 637 1025 691 totum
1047 627 1162 689 librum
1182 627 1230 688 IV
1253 648 1296 689 ex
1311 628 1470 707 Dionysio

216 758 365 802 manasse
381 734 561 817 putavitss).
600 731 719 794 Statuit
736 713 817 795 Otto
834 732 976 806 Sieroka,
995 755 1037 794 ex
1052 734 1123 814 ipso
1138 732 1274 794 Timaeo
1290 732 1470 795 Diodorum

215 845 390 926 sumpsisse
421 840 490 901 libri
518 839 565 900 IV
598 838 704 919 capita
733 841 857 917 83-85
888 841 928 901 de
963 839 1086 919 Eryce,
1117 837 1306 918 Daphnide,
1338 837 1468 911 Orione,

215 951 320 1031 capita
344 963 400 1026 29,
428 962 467 1025 30
489 946 530 1006 de
553 943 806 1023 Thespiadibus,
837 945 942 1024 capita
966 959 1093 1021 21—24
1115 943 1155 1005 de
1178 943 1325 1024 Herculis
1348 943 1468 1016 itinere,

215 1055 302 1136 quod
325 1052 477 1132 Geryone
499 1049 585 1111 victo
608 1069 651 1109 ex
670 1048 826 1130 Hispania
849 1050 877 1111 in
901 1048 1069 1112 Graeciam
1092 1048 1174 1111 fecit.
1219 1048 1340 1129 Capitis
1362 1057 1470 1110 autem

217 1161 255 1240 56
278 1163 297 1238 ἓ
322 1157 421 1231 2-6,
450 1154 503 1215 ubi
525 1153 677 1215 Timaeus
700 1153 861 1226 laudatur,
894 1175 958 1215 non
981 1175 1024 1215 ex
1046 1154 1100 1216 illo
1123 1156 1193 1234 ipso
1215 1155 1383 1230 historico,
1413 1157 1470 1217 sed

215 1263 431 1343 eDionysi0,
463 1261 513 1322 cui
535 1259 758 1340 Argonautica
781 1260 929 1334 deberet,
953 1261 1176 1340 transscriptas
1199 1280 1269 1322 esse
1291 1261 1470 1345 censuit42).

215 1371 263 1432 At
299 1369 489 1447 cuicumque
527 1364 686 1444 persuasi,
726 1363 1037 1445 Scytobrachionem
1073 1366 1176 1426 varias
1213 1363 1337 1428 fabulas
1375 1367 1469 1429 docte

215 1492 391 1554 numquam
413 1469 590 1549 collegisse,
614 1490 687 1530 cum
710 1470 778 1531 viro
801 1470 855 1532 illo
878 1472 976 1532 docto
999 1490 1064 1530 non
1087 1469 1196 1543 faciet,
1220 1471 1276 1532 sed
1299 1492 1359 1551 pro
1382 1482 1469 1534 certo

214 1579 361 1650 habebit,
392 1576 573 1638 Diodorum
603 1574 708 1654 ipsum
731 1574 916 1648 Timaeum,
952 1595 1049 1656 quem
1079 1576 1108 1636 ei
1137 1575 1168 1636 in
1198 1576 1344 1637 manibus
1374 1575 1469 1640 fuisse

218 1693 355 1757 constat,
379 1684 419 1743 de
443 1679 709 1760 Argonautarum
732 1681 835 1741 reditu
858 1679 1063 1742 consuluisse.

300 1788 397 1868 Quod
421 1795 529 1848 autem
551 1785 592 1846 ad
615 1785 751 1845 reditum
767 1785 915 1847 Herculis
931 1806 974 1846 ex
989 1783 1145 1866 Hispania
1160 1787 1281 1860 attinet,
1299 1785 1469 1849 Timaeum

215 1904 379 1956 auctorem
403 1912 474 1954 esse
496 1900 529 1952 et
551 1890 665 1969 capitis
688 1905 724 1949 21
752 1890 831 1968 §6,
855 1905 891 1970 7,
925 1890 979 1951 ubi
1011 1888 1117 1952 herois
1141 1889 1408 1971 Gigantomachia
1438 1893 1468 1954 in

215 1998 398 2078 Phlegraeis
436 1997 559 2077 campis
596 1996 769 2056 commissa
804 2004 964 2069 narratur,
1001 1995 1071 2076 ipse
1103 1996 1267 2057 Diodorus
1304 1996 1396 2070 dicit,
1438 2007 1470 2059 et

214 2106 326 2186 capitis
358 2119 396 2164 22
431 2105 451 2181 ξ
484 2101 551 2182 544)
582 2099 663 2162 Otto
685 2098 819 2161 Sieroka
849 2120 880 2180 p.
905 2116 945 2178 23
978 2099 1060 2161 bene
1092 2100 1339 2177 demonstravit;
1373 2110 1469 2182 atque

215 2211 299 2271 idem
336 2207 534 2278 observavit,
569 2206 682 2286 capitis
713 2220 753 2282 23
784 2207 804 2283 ξ
831 2222 841 2265 1
877 2214 909 2266 et
941 2207 1005 2283 §4
1038 2205 1069 2266 in
1098 2203 1222 2267 Siciliae
1256 2207 1470 2286 descriptione

215 2314 269 2392 (V.
295 2331 322 2392 3,
344 2330 366 2389 4
388 2322 421 2374 et
442 2329 473 2388 4,
498 2312 528 2391 2)
553 2310 670 2390 repeti,
705 2311 793 2371 cuius
823 2310 929 2390 capita
957 2310 1064 2390 priora
1094 2331 1137 2372 ex
1160 2310 1293 2372 Timaeo
1325 2331 1470 2373 manasse

215 2418 351 2481 Carolus
385 2414 582 2478 Mullenhoff
613 2416 692 2476 citra
724 2434 854 2475 omnem
889 2415 1121 2477 dubitationem
1155 2415 1320 2497 posuirfl).
1365 2416 1470 2479 Pauca

143 2555 146 2561 ·
216 2526 334 2586 addere
364 2542 506 2603 possum.
552 2519 726 2581 Herculem
757 2539 798 2581 ex
821 2519 977 2599 Hispania
1008 2540 1082 2582 cum
1106 2520 1262 2600 Geryonis
1292 2522 1397 2583 bubus
1426 2543 1470 2584 re·

216 2648 344 2691 versum
367 2628 448 2688 inter
472 2627 631 2687 Misenum
653 2623 704 2686 vel
728 2623 823 2703 Bajas
850 2633 882 2685 et
905 2624 1147 2687 Dicaearchiam
1171 2645 1290 2706 aggere
1313 2637 1470 2707 congesto

216 2737 301 2795 viam
334 2733 478 2795 effecisse
512 2740 547 2792 ut
576 2730 739 2792 Diodorus
772 2750 799 2791 c.
825 2744 863 2791 22
896 2733 915 2808 ἓ
940 2746 958 2791 2
992 2740 1116 2805 narrat,
1151 2733 1194 2793 ita
1224 2723 1265 2792 δι’
1299 2732 1472 2813 αἰνίγματος

215 2838 320 2920 φράζει
343 2836 529 2919 Lycophro,
554 2836 669 2916 quide
692 2833 790 2896 Ulixe
813 2832 1029 2896 Cassandram
1052 2835 1127 2898 facit
1149 2839 1391 2900 vaticinantem:

468 2941 583 3002 »Βαίου
605 2937 641 3000 d'
664 2939 799 3018 ἀμείψας
821 2949 875 3000 τοῦ
897 2941 1081 3023 κυβερνήτου
1102 2940 1201 3024 τάφον

381 3049 441 3126 695
465 3048 514 3106 καὶ
538 3043 707 3126 Κιμμέριον
730 3041 844 3105 ἔπαυλα
866 3047 1062 3128 κάχερουσίαυ

464 3148 609 3234 ῥόχθοισι,
626 3150 830 3229 κυμαίνουσαν
851 3149 993 3229 οἴδματος
1012 3153 1101 3230 χύσιν

462 3247 582 3318 ’Όσσαν
603 3278 635 3316 τε
658 3256 708 3314 καὶ
731 3253 847 3326 λέοντος
870 3257 1023 3338 ἀτραποὺς
1042 3261 1125 3334 βοῶν

460 3362 581 3439 χωοτὰς
606 3357 768 3441 Ὀβριμοῦς
791 3350 820 3420 r'
846 3361 951 3432 ἄλσοςο
977 3365 1042 3425 κτλ.

218 3470 387 3530 Timaeum
417 3467 526 3546 igitur,
559 3486 633 3526 cum
664 3472 696 3525 et
718 3465 899 3526 Diodorum
929 3466 1010 3528 haec
1040 3467 1145 3546 capita
1176 3467 1367 3533 scribentem
1398 3476 1472 3528 ante

218 3573 329 3636 oculos
369 3572 519 3634 habuisse
561 3570 642 3633 Otto
680 3567 814 3632 Sieroka
855 3591 918 3631 non
959 3571 1025 3632 sine
1063 3573 1166 3634 causis
1207 3571 1385 3651 suspicatus
1421 3572 1470 3645 sit,

218 3690 250 3741 et
287 3676 539 3759 Lycophronem
583 3676 614 3736 in
657 3675 752 3737 rebus
795 3675 911 3737 Italicis
957 3676 1082 3756 saepius
1127 3676 1309 3738 adhibuisse
1351 3676 1473 3739 scholia

301 3901 338 3967 44)
365 3905 494 3952 Deutsche
511 3902 736 3950 Altertumskunde
754 3903 776 3950 I.
797 3918 821 3965 p.
840 3912 898 3960 440,
920 3913 979 3961 442.

303 3988 339 4056 44)
368 4009 391 4040 v.
411 3990 514 4040 Sieroka
531 3990 550 4040 l.
569 3990 587 4038 l.
610 4007 637 4054 p.
661 4004 686 4052 9,
711 4002 749 4050 19,
772 4003 802 4052 23
822 3992 860 4052 sq'.

304 4077 340 4142 44)
368 4078 407 4129 Cf.
426 4079 520 4126 Holzer
538 4095 563 4142 p.
587 4091 627 4140 19,
647 4085 733 4127 notam
754 4090 778 4138 9.

303 4164 340 4230 44)
368 4167 496 4215 Deutsche
522 4166 747 4214 Altertumslmnde
773 4165 794 4216 1.
821 4164 847 4214 S.
865 4176 1015 4229 439-447,
1046 4166 1136 4230 Capita
1158 4178 1230 4227 1-4,
1260 4167 1358 4216 collatis
1377 4167 1473 4217 scholio

220 4257 271 4318 Ap.
283 4255 333 4304 Rh.
347 4254 393 4304 IV.
405 4253 465 4315 965,
485 4253 613 4302 Plutarchi
630 4255 663 4303 de
675 4253 836 4302 Timoleonte
854 4269 876 4304 c.
894 4253 919 4312 8,
940 4253 1068 4302 Ciceronis
1086 4254 1112 4302 in
1129 4255 1233 4304 Verrem
1253 4255 1310 4304 libri
1328 4257 1374 4307 IV.
1393 4272 1414 4307 c.
1429 4257 1471 4319 48,

221 4343 285 4402 aliis,
304 4340 403 4389 Timaei
421 4325 474 4389 esse
492 4341 631 4390 luculenter
651 4341 776 4406 probavit,
799 4342 849 4390 c.6
870 4358 900 4390 ex
919 4342 1008 4390 eodem
1027 4341 1096 4391 fonte
1115 4342 1221 4407 petitum
1234 4359 1288 4393 esse
1305 4353 1423 4410 apparet3
1442 4347 1473 4394 de

220 4429 301 4492 capite
321 4438 334 4491 5
354 4427 461 4476 dubitari
480 4436 571 4491 potest.
1149 4442 1152 4447 ’
