3382 5228
737 446 946 509 ..94-

215 621 302 674 mus,
332 601 447 662 desunt
475 600 505 660 in
535 598 772 680 Argonauticis
817 598 901 662 Nam
930 620 1022 662 veras
1052 599 1198 678 antiquas
1229 597 1368 672 fabulaS,
1403 619 1467 661 non

215 705 428 786 posteriorum
458 712 649 776 commenta,
673 704 759 766 haud
788 705 854 766 sine
884 705 1103 786 discrepantiis
1132 703 1267 767 Diodori
1296 706 1336 767 de
1362 703 1466 784 Argo-

215 810 317 871 nautis
352 810 575 872 adnotationes
597 809 769 890 praebent,
803 810 884 871 sicut
916 829 967 871 ex.
997 827 1044 888 gr.
1078 809 1224 872 Herculis
1256 829 1466 890 parergorum

215 915 363 976 narratio.
408 915 576 977 Praeterea
605 915 740 976 Diodori
770 913 892 977 fontem
925 911 1231 996 mythographicum
1261 914 1467 995 Apollodoro

213 1028 246 1082 et
269 1019 402 1100 Hygino
425 1021 641 1101 propinquum
663 1041 733 1083 esse
756 1020 986 1083 intelleximus:
1010 1040 1098 1100 erg0,
1123 1040 1195 1082 cum
1219 1041 1266 1093 ea,
1290 1039 1373 1099 quae
1393 1020 1466 1082 Dio-

215 1126 312 1186 dorus
335 1125 375 1187 de
396 1125 503 1187 Phrixi
527 1125 611 1207 fuga,
635 1126 756 1188 Iasonis
779 1125 993 1208 expeditione,
1018 1125 1152 1187 Medeae
1181 1124 1373 1188 facinoribus
1397 1127 1466 1189 bre-

215 1231 296 1291 viter
318 1233 598 1304 commemoravit,
630 1232 786 1294 artissimo
808 1231 934 1293 vinculo
956 1251 1029 1293 cum
1051 1231 1256 1312 Apollodoro
1279 1241 1311 1293 et
1335 1231 1468 1313 Hygino

215 1336 384 1397 coniuncta
405 1337 476 1409 sint,
500 1338 565 1399 veri
594 1344 643 1399 est
665 1337 874 1410 simillimum,
899 1337 995 1398 etiam
1017 1336 1311 1416 Argonauticorum
1334 1337 1469 1401 Diodori

216 1461 264 1515 ea,
288 1460 371 1521 quae
389 1441 646 1521 significavimus,
669 1443 711 1504 ad
734 1443 871 1504 eundem
893 1442 982 1504 illum
1005 1442 1310 1523 mythographicum
1330 1443 1468 1505 historici

217 1545 339 1608 sontem
361 1547 527 1626 pertinere.

303 1651 395 1731 Quae
419 1671 492 1714 cum
514 1653 557 1714 ita
580 1652 650 1726 sint,
674 1652 739 1714 iam
761 1652 826 1715 fere
849 1652 1061 1733 cognoscitur,
1086 1652 1181 1733 quale
1203 1651 1296 1715 fuerit
1318 1672 1466 1732 compen-

217 1756 307 1819 dium
328 1757 404 1819 illud
428 1756 579 1830 fabulare,
603 1758 691 1820 cuius
714 1758 886 1824 rivulosin
908 1757 1063 1831 Diodor0,
1087 1756 1302 1838 Apollodoro
1327 1758 1468 1838 Hygino,

216 1864 286 1925 aliis
309 1862 555 1943 mythographis
578 1884 636 1944 per
658 1861 778 1925 scholia
801 1863 951 1944 dispersis
974 1864 1164 1926 deteximus,

305 1967 356 2030 Ac
378 1969 517 2049 primum
539 1969 730 2047 quaerimus,
755 1988 820 2048 quo
838 1977 985 2049 tempore
1004 1977 1172 2031 exaratum
1188 1969 1236 2030 sit.
1273 1968 1469 2039 Terminum,

216 2081 291 2134 ante
320 2092 418 2152 quem
446 2072 599 2155 scriptum
628 2081 694 2147 est,
724 2083 809 2135 certe
839 2074 955 2137 indicat
984 2074 1155 2140 Diodorus.
1201 2072 1264 2153 Qui
1294 2093 1367 2135 cum
1397 2081 1471 2154 post

218 2176 363 2239 Caesaris
385 2187 524 2240 mortem
546 2179 750 2259 βιβλιοθήκην
772 2177 924 2262 ἱστορικήν
945 2181 1082 2242 condere
1099 2185 1240 2260 coeperit
1256 2199 1359 2258 neque
1375 2178 1471 2239 finem

217 2293 291 2345 ante
313 2303 431 2344 aunum
455 2300 490 2344 21
516 2283 697 2367 seceritssfl),
722 2294 796 2347 ante
819 2305 937 2346 annum
959 2301 1002 2361 44
1026 2285 1141 2347 librum
1163 2285 1252 2346 illum
1276 2292 1382 2345 ortum
1399 2304 1469 2346 esse

218 2388 425 2454 concluditur.
456 2391 641 2451 Terminum
664 2399 781 2464 autern,
806 2400 881 2472 post
903 2409 1000 2472 quem
1022 2390 1142 2452 editum
1165 2398 1223 2463 est,
1247 2389 1352 2451 adhuc
1374 2388 1469 2450 alium

219 2494 410 2574 investigare
432 2514 557 2574 nequeo
580 2505 676 2576 atque
696 2495 832 2576 Dionysi
858 2494 1141 2575 Scytobrachionis
1163 2503 1313 2567 aetatem,
1338 2494 1391 2575 qui
1407 2492 1472 2555 fere

218 2600 302 2662 circa
316 2620 434 2662 annum
451 2617 509 2662 100
520 2602 637 2663 vixisse
649 2601 845 2681 videtur119),
878 2601 956 2662 Eius
968 2601 1052 2663 enim
1066 2602 1097 2663 in
1116 2600 1170 2663 illo
1186 2600 1380 2680 compendio
1392 2600 1472 2661 inter

219 2704 299 2768 alios
322 2706 517 2767 mentionem
540 2726 609 2768 esse
633 2705 766 2781 factam,
799 2707 916 2787 colligo
948 2708 1029 2781 inde,
1059 2707 1146 2786 quod
1169 2715 1201 2768 et
1224 2705 1255 2766 in
1277 2704 1472 2768 bibliotheca

221 2832 251 2892 p.
284 2828 324 2889 29
354 2810 373 2873 l.
407 2812 445 2872 28
475 2813 529 2891 (z
551 2811 639 2892 Hyg.
662 2809 724 2874 fab.
754 2828 790 2888 14
819 2832 849 2892 p.
880 2829 938 2890 49,
970 2812 988 2874 l.
1015 2826 1029 2890 5
1055 2812 1099 2874 M.
1127 2810 1273 2873 Schmidt
1301 2839 1344 2864 =
1373 2809 1472 2872 schol.

217 2907 288 2996 Ap.
311 2916 375 2979 Rh.
397 2916 420 2978 I.
448 2917 540 2996 1289)
565 2927 837 2980 commemoratur
858 2926 890 2979 et
913 2917 992 2980 latet
1017 2918 1076 2980 sub
1098 2917 1213 2979 verbo:
1251 2912 1355 2976 »iicon
1389 2917 1474 2997 apud

222 3022 403 3088 Diodorum
435 3036 477 3100 47
512 3024 532 3101 ξ
568 3036 582 3100 5
619 3022 675 3104 (=
702 3022 801 3084 schol.
826 3023 892 3103 Ap.
924 3022 986 3085 Rh.
1014 3023 1036 3086 I.
1066 3022 1141 3104 256)
1176 3022 1206 3084 in
1237 3020 1474 3102 ArgonautieiS,

223 3147 305 3208 quae
343 3127 526 3206 composuit
556 3147 573 3188 e
603 3128 739 3208 Dionysi
769 3129 912 3209 epitoma
940 3136 972 3189 et
1002 3127 1120 3190 laciniis
1147 3126 1242 3189 fontis
1275 3128 1322 3188 sui
1346 3125 1475 3208 mytho·

225 3232 379 3313 graphici.
574 3230 576 3233 ’

309 3339 394 3400 Tum
417 3349 526 3403 nostra
549 3341 679 3400 interest
695 3360 900 3419 cognoscere,
923 3358 1003 3418 quas
1018 3337 1142 3400 fabulas
1157 3337 1233 3399 illud
1249 3336 1476 3417 compendium

224 3443 316 3522 primi
340 3462 367 3505 a.
395 3443 468 3506 Chr.
492 3466 521 3506 n.
546 3444 663 3508 saeculi
686 3444 893 3526 complexum
916 3445 965 3506 sit.
1009 3443 1121 3523 Atque
1144 3462 1187 3505 ex
1208 3443 1269 3516 eis,
1298 3462 1380 3522 quae
1402 3442 1476 3503 Dio·

224 3547 321 3609 dorus
350 3549 377 3610 ei
408 3550 521 3624 debet,
548 3551 709 3626 videmuS,
740 3550 770 3611 id
800 3550 966 3612 tradidisse
989 3548 1135 3612 Herculis
1168 3548 1299 3627 eiusque
1329 3547 1475 3621 filiorum,

225 3652 358 3727 Thesei,
390 3654 526 3729 lxioniS,
558 3654 748 3735 Aesculapi,
783 3655 919 3736 Pelopis,
948 3654 1085 3729 Tantali,
1108 3654 1242 3729 Niobae,
1264 3652 1401 3715 *Daedali
1424 3655 1476 3733 (77

312 3876 359 3943 11⁸)
378 3897 401 3929 v.
420 3880 525 3929 Diodor.
545 3881 565 3930 1.
588 3895 613 3941 4.
634 3890 647 3940 7
675 3889 698 3929 et
718 3881 787 3930 XVI.
808 3891 831 3944 7.
869 3881 901 3932 cf.
925 3883 1080 3930 Mommsen:
1108 3880 1230 3930 romische
1254 3880 1433 3943 Forschungen
1452 3878 1478 3925 II

227 3982 252 4028 p.
274 3966 323 4026 267
342 3983 367 4017 n.
386 3967 415 4015 61
436 3978 461 4018 et
480 3986 504 4033 p.
525 3980 573 4032 549
591 3985 616 4018 n.
652 3970 741 4034 Itaque
760 3985 812 4018 non
829 3970 903 4019 nimis
921 3969 1040 4019 mentitus
1057 3984 1110 4018 esse
1128 3968 1256 4018 Diodorus
1280 3968 1385 4028 videtur,
1405 3966 1479 4032 quiI

227 4069 248 4102 c.
272 4069 297 4115 4.
323 4069 332 4102 1
365 4072 410 4119 per
436 4057 537 4121 triginta
565 4073 590 4106 se
624 4073 703 4106 annos
730 4073 832 4122 operam
858 4056 884 4106 in
918 4057 1020 4107 historia
1052 4057 1185 4107 universali
1217 4057 1349 4106 scribenda
1375 4070 1479 4104 navasse

226 4141 343 4195 affirmat.

313 4228 361 4298 1¹⁰)
381 4233 467 4283 Solam
482 4251 567 4284 ansam
585 4237 688 4300 praebet
701 4235 805 4285 Sueton.
825 4236 856 4284 de
869 4235 1037 4298 grammaticis
1054 4237 1114 4294 VII,
1135 4235 1178 4299 qui
1196 4235 1299 4299 quidem
1317 4249 1368 4283 non
1388 4241 1480 4282 temere

227 4320 341 4379 eredidit,
365 4322 401 4371 M.
420 4323 560 4371 Antonium
581 4322 753 4386 Gniphonem,
774 4323 803 4372 C.
821 4324 871 4373 Iuli
885 4323 998 4372 Caesaris
1010 4324 1080 4389 pueri
1102 4324 1247 4388 magistrum
1260 4321 1480 4387 Scytobrachionis

230 4406 380 4471 discipulum
400 4409 483 4470 fuisse,
506 4426 577 4459 »cum
598 4418 740 4475 temporum
758 4411 821 4461 ratio
839 4413 880 4460 vix
899 4420 1047 4476 congruat«
