3382 5228
697 415 906 477 „43-

177 567 228 629 vel
250 567 422 629 Matridem
444 568 528 629 idem
551 577 616 643 est,
649 569 702 649 qui
733 569 764 630 iu
791 569 987 631 hexametris
1014 566 1143 629 tabulae
1165 562 1379 626 Farnesianae
1402 568 1435 621 et

177 682 251 735 ante
284 670 456 753 Sophoclis
486 671 674 734 Trachinias
708 683 806 752 atque
838 694 939 753 usque
972 675 1013 735 ad
1047 672 1207 734 decimum
1238 668 1369 750 quidem
1403 668 1435 729 in

177 777 299 858 Hygini
329 776 437 839 fabula
466 779 566 859 30⁶⁶).
611 778 729 840 Nescio
751 788 874 854 autem,
899 800 940 841 an
963 777 1099 840 multum
1121 774 1183 837 hoc
1209 785 1434 853 argumentum

177 883 292 956 valeat,
312 883 464 961 quoniam
479 882 559 944 ordo
575 883 627 944 ille
643 882 779 945 fortasse
794 885 967 963 antiquitus
989 881 1168 945 constabat.
1213 880 1297 942 Nam
1326 881 1356 943 in
1379 881 1435 944 So-

178 988 303 1070 phoclis
325 987 513 1061 Trachiniis,
546 1008 575 1048 v.
604 1004 685 1066 1090
707 1008 778 1068 sqq.
801 989 911 1051 itidem
934 996 1158 1051 enumerantur
1180 987 1302 1067 proelia
1324 1002 1435 1054 contra

178 1094 305 1157 leonem
327 1093 537 1169 Nemeaeum,
560 1092 698 1172 hydram
720 1094 908 1169 Lernaeam,
933 1114 1047 1176 aprum
1058 1093 1315 1172 Erymanthium,
1339 1105 1436 1175 atque

177 1209 248 1263 tum
282 1198 460 1261 indicantur
489 1199 580 1261 labor
614 1198 799 1260 undecimus
828 1208 861 1260 et
883 1199 1092 1261 duodecimus
1114 1197 1257 1261 versibus
1286 1203 1365 1279 1098
1387 1223 1434 1282 sq.

128 1380 131 1386 Ι
179 1312 212 1366 et
238 1319 334 1378 1100;
357 1303 414 1365 sed
438 1303 607 1383 Euripides
629 1289 760 1384 prorsus
782 1303 845 1366 alio
871 1303 982 1366 ordine
1003 1303 1150 1365 Herculis
1172 1302 1313 1366 facinora
1331 1307 1438 1386 primo

179 1408 328 1470 Herculis
351 1407 477 1470 fabulae
501 1411 634 1495 stasimo
657 1409 807 1471 celebrat.

265 1512 420 1594 Singulae
436 1535 514 1576 vero
537 1514 708 1576 nonnullae
732 1534 782 1575 res
801 1513 973 1576 aMatride
989 1514 1105 1574 eodem
1126 1513 1225 1574 modo
1249 1512 1435 1590 referuntur,

180 1637 245 1696 quo
279 1619 310 1679 in
332 1617 535 1680 bibliotheca.
580 1618 680 1680 Velut
702 1618 838 1680 Pholum
862 1616 1056 1680 Centaurum
1080 1637 1150 1679 esse
1173 1625 1335 1679 mortuum
1358 1620 1436 1682 Her-

180 1723 258 1784 culis
280 1724 398 1803 sagitta
419 1722 637 1797 vulneratum,
674 1744 738 1804 qua
766 1744 809 1786 ex
839 1725 999 1784 cadavere,
1017 1720 1167 1784 Centauri
1196 1723 1359 1785 cuiusdam
1383 1745 1435 1786 ex·

179 1836 281 1889 tracta
311 1830 437 1909 seipse
466 1847 541 1889 casu
565 1827 724 1903 laesisset,
759 1829 845 1909 apud
867 1827 1097 1907 Diodorum⁶⁶)
1128 1848 1154 1888 c.
1182 1843 1218 1888 12
1249 1828 1311 1907 §8
1343 1839 1376 1891 et
1405 1831 1435 1891 in

180 1931 374 1995 bibliotheca
395 1943 547 2014 corrupto
569 1935 698 2015 quidem
721 1934 795 1996 loco
818 1954 849 2014 p.
877 1935 914 2011 58
937 1932 956 2000 l,
984 1950 994 1993 1
1020 1953 1093 2012 sqq.
1116 1932 1240 2012 legitur.
1287 1932 1436 1996 Chironis

181 2047 319 2100 mortem
344 2040 395 2121 (12
420 2043 439 2118 ,Q
464 2040 495 2120 8)
517 2039 680 2100 Diodorus
711 2039 779 2119 ipse
801 2038 919 2100 addere
942 2038 1084 2112 videtur,
1116 2038 1190 2117 quia
1212 2038 1241 2098 in
1266 2036 1353 2100 fonte
1376 2059 1435 2101 suo

180 2143 453 2225 mythographico
476 2143 624 2206 Chironis
647 2164 734 2206 mors
756 2143 816 2205 hac
840 2143 1009 2204 occasione
1034 2153 1160 2205 narrata
1187 2152 1268 2214 erat,
1300 2143 1382 2204 sicut
1405 2145 1436 2205 in

180 2248 375 2311 bibliotheca
402 2270 433 2330 p.
462 2264 517 2330 57,
551 2249 569 2310 l.
601 2265 643 2310 20
671 2268 743 2329 sqq.
786 2248 955 2310 Praeterea
989 2250 1075 2328 apud
1105 2258 1276 2328 utrumque
1305 2248 1436 2311 Herculi

181 2355 325 2416 Minerva
347 2357 402 2417 dat
425 2352 544 2432 πέπλον,
567 2354 733 2416 Vulcanus
756 2353 902 2427 loricam,
928 2353 1104 2415 Mercurius
1132 2353 1287 2433 gladium,
1312 2353 1437 2434 Apollo

181 2478 291 2520 arcum
315 2459 422 2541 (Diod.
450 2481 476 2523 c.
505 2477 542 2536 14
565 2463 585 2539 ξ
610 2477 626 2538 3
649 2459 790 2523 :bibl
819 2479 849 2538 p.
877 2472 931 2536 54,
961 2458 981 2520 l.
1009 2459 1160 2539 12-15);
1192 2458 1297 2523 verbis
1327 2468 1435 2521 autem

186 2561 334 2647 »ῥόπαλον
369 2562 425 2642 μὲν
459 2566 516 2647 γὰρ
548 2565 639 2636 αὐτὸς
668 2563 769 2642 ἔτεμεν
796 2561 827 2623 ἐκ
859 2562 996 2643 Neptu«
1031 2562 1255 2644 Apollodorus
1292 2585 1435 2645 pugnare

182 2669 306 2731 videtur
328 2680 440 2732 contra
462 2690 527 2743 eos
552 2672 605 2750 qui
628 2672 710 2732 sicut
725 2670 836 2731 Matris
853 2671 948 2732 etiarn
968 2668 1044 2732 illud
1064 2668 1247 2731 aVulcano
1262 2669 1435 2731 Herculem

182 2775 344 2856 accepisse
367 2775 523 2837 dicebant.
571 2773 738 2837 Consentit
760 2795 837 2837 vero
860 2775 953 2854 primi
977 2773 1122 2836 Herculis
1145 2773 1263 2836 laboris
1287 2774 1435 2849 narrati0,

268 3030 302 3096 ⁵⁶)
328 3031 510 3095 Mythographi
533 3031 677 3096 posterioris
699 3032 786 3080 aetatis
804 3031 921 3079 Herculis
944 3032 976 3080 ad
994 3032 1087 3080 inferos
1105 3031 1252 3079 descensum
1270 3030 1360 3079 ultimo
1378 3030 1437 3080 loco

183 3122 299 3178 tradunt,
325 3121 377 3169 sive
399 3120 458 3184 quia
476 3119 525 3168 hoc
543 3120 640 3169 facinus
658 3119 770 3168 omnium
788 3120 925 3168 maximum
944 3122 1080 3184 putabant,
1102 3120 1153 3168 sive
1172 3119 1300 3183 Euripidis
1320 3118 1437 3169 Herculis

183 3208 323 3272 argumenti
347 3222 478 3257 memores.
515 3206 632 3256 Ceterum
655 3208 681 3255 in
706 3208 862 3257 bibliotheca
886 3208 1013 3272 expeditio
1031 3209 1148 3257 Herculis
1172 3209 1198 3256 in
1221 3208 1325 3256 deorum
1350 3208 1438 3257 hortos

183 3298 214 3345 ad
233 3296 387 3360 Hesperides
405 3295 495 3344 ultimo
514 3296 572 3344 loco
589 3295 652 3344 olim
670 3297 735 3345 lecta
752 3305 797 3346 est.
833 3297 898 3346 Vide
917 3297 983 3345 enim
1002 3297 1126 3346 scholium
1146 3300 1176 3350 Θ.
1196 3295 1244 3358 368
1262 3295 1305 3361 (A,
1320 3297 1350 3360 B,
1364 3295 1400 3362 D)

296 3385 374 3435 schor.
396 3387 427 3437 e.
448 3384 498 3448 368
518 3381 561 3449 (A,
582 3385 615 3443 B,
634 3382 687 3449 u)2
1004 3386 1066 3436 bibl.
1085 3403 1110 3450 p.
1129 3388 1170 3446 04.
1190 3385 1207 3434 l.
1227 3385 1254 3432 6:

237 3476 428 3525 Τελεσθέντων
443 3468 609 3539 Ἡρακλέους
641 3467 736 3524 ἄθλων
762 3473 793 3524 ἐν
881 3474 1072 3525 Τελεσθέντων
1091 3472 1120 3523 δὲ
1140 3474 1196 3525 τῶν
1210 3466 1308 3524 ἄθλων
1326 3473 1356 3525 ἐν
1369 3474 1436 3543 μηνὶ

182 3564 251 3631 μηνὶ
271 3564 317 3611 καὶ
338 3552 426 3615 ἔτεσιν
445 3557 525 3624 ὀκτώ,
545 3559 583 3630 μὴ
604 3555 792 3631 προσδεξάμε-
827 3565 873 3613 καὶ
904 3561 992 3613 ἔτεσιν
1020 3557 1107 3623 ὀκτώ,
1143 3560 1182 3630 μὴ
1215 3554 1438 3632 προσδεξάμενος

183 3648 258 3712 νοςῑ)
269 3645 430 3719 Εὐρυσθεὺς
448 3645 497 3702 τόν
509 3667 539 3702 τε
551 3651 606 3701 τῶν
619 3644 793 3718 τοῦΑὗγέου
826 3646 989 3722 Εὐρυσθεὺς
1019 3645 1068 3702 τόν
1101 3667 1129 3703 τε
1159 3652 1216 3702 τῶν
1245 3650 1294 3702 τοῦ
1325 3646 1436 3718 Αἰγίου

183 3734 398 3808 βοσκημάτωνν)
414 3742 460 3789 καὶ
482 3733 530 3790 τὸν
548 3741 596 3804 τῆς
607 3732 719 3808 Ὕδρας,
739 3738 792 3791 ἐν·
826 3734 1008 3808 βοσκημάτων
1033 3741 1079 3790 καὶ
1103 3736 1154 3791 τὸν
1181 3740 1228 3800 τῆς
1250 3737 1368 3807 Ὕδρας,
1393 3738 1436 3790 ἐν·

185 3825 337 3879 δέκατον
364 3827 527 3885 ἐπέταξεν
554 3822 665 3878 ἆθλον
690 3823 792 3894 αὐτῷ,
828 3827 945 3878 δέκατον
973 3823 1064 3880 ἆθλον
1098 3825 1229 3888 ἐπέταξεν
1259 3821 1334 3892 αὐτῷ
1364 3824 1439 3898 παρ’

184 3909 244 3966 τὸν
255 3918 433 3987 Κέρβερον
446 3912 608 3977 &wadon
623 3917 792 3985 κομίζειν.
825 3911 997 3985 Ἑσπερίδων
1012 3918 1105 3986 χρυσᾶ
1123 3918 1198 3987 μῆλα
1217 3919 1398 3982 κομίζειν...

236 4022 257 4086 ¹)
274 4018 502 4094 προσδεχόμενος
514 4025 588 4074 codd.
602 4040 664 4076 corr.
680 4041 710 4074 ex
728 4026 791 4074 bibl.

235 4109 258 4173 2)
274 4111 354 4161 delevi
367 4106 467 4175 ἆθλον,
486 4112 672 4178 Apollodorum
684 4120 791 4163 secutus.

269 4196 305 4263 Μ)
335 4215 356 4250 c.
377 4214 408 4249 12
432 4199 450 4266 ξ
470 4212 484 4263 7
509 4202 580 4251 initio
598 4219 644 4266 pro
661 4196 782 4271 Ἀργεῖος
807 4203 967 4253 scribendum
990 4204 1089 4253 videtur
1107 4220 1199 4255 nomen
1223 4199 1342 4276 Ἄγριος,
1369 4207 1440 4269 quod

183 4287 356 4352 Apollodorus
382 4305 406 4352 p.
432 4300 463 4353 57
490 4289 508 4340 l.
537 4303 569 4351 14
593 4290 708 4350 exhibet,
738 4290 842 4341 sortasse
868 4293 943 4341 etiam
970 4309 1016 4357 pro
1041 4287 1168 4363 Ἀμφίων
1189 4285 1315 4360 Ἄγχιος·
1351 4294 1439 4342 Petrus

184 4375 327 4439 wesseling
344 4377 376 4425 de
393 4377 433 4426 his
450 4378 669 4427 emendationibus
687 4379 819 4429 dubitavit.
