<?xml version="1.0" encoding="UTF-8"?>
<!DOCTYPE html PUBLIC "-//W3C//DTD XHTML 1.0 Transitional//EN"
    "http://www.w3.org/TR/xhtml1/DTD/xhtml1-transitional.dtd">
<html xmlns="http://www.w3.org/1999/xhtml" xml:lang="en" lang="en">
 <head>
  <title>
</title>
<meta http-equiv="Content-Type" content="text/html;charset=utf-8" />
  <meta name='ocr-system' content='tesseract 3.04.00' />
  <meta name='ocr-capabilities' content='ocr_page ocr_carea ocr_par ocr_line ocrx_word'/>
</head>
<body>
  <div class='ocr_page' id='page_1' title='image "./quaestionesdiod00bethgoog_0093.png"; bbox 0 0 3382 5228; ppageno 0'>
   <div class='ocr_carea' id='block_1_1' title="bbox 735 440 946 502">
    <p class='ocr_par' dir='ltr' id='par_1_1' title="bbox 735 440 946 502">
     <span class='ocr_line' id='line_1_1' title="bbox 735 440 946 502; baseline -0.009 -31"><span class='ocrx_word' id='word_1_1' title='bbox 735 440 946 502; x_wconf 64' lang='lat'>-92„</span> 
     </span>
    </p>
   </div>
   <div class='ocr_carea' id='block_1_2' title="bbox 213 591 1549 3934">
    <p class='ocr_par' dir='ltr' id='par_1_2' title="bbox 213 591 1549 3934">
     <span class='ocr_line' id='line_1_2' title="bbox 214 591 1469 675; baseline -0.002 -19"><span class='ocrx_word' id='word_1_2' title='bbox 214 593 321 656; x_wconf 88' lang='lat' dir='ltr'>Caroli</span> <span class='ocrx_word' id='word_1_3' title='bbox 350 593 475 656; x_wconf 91' lang='lat' dir='ltr'>Robert</span> <span class='ocrx_word' id='word_1_4' title='bbox 505 602 537 656; x_wconf 92' lang='lat' dir='ltr'>et</span> <span class='ocrx_word' id='word_1_5' title='bbox 566 594 706 655; x_wconf 91' lang='lat' dir='ltr'>Eduardi</span> <span class='ocrx_word' id='word_1_6' title='bbox 740 591 903 656; x_wconf 81' lang='lat' dir='ltr'>Schwartz</span> <span class='ocrx_word' id='word_1_7' title='bbox 937 595 1128 656; x_wconf 83' lang='lat' dir='ltr'><strong>sententiam</strong></span> <span class='ocrx_word' id='word_1_8' title='bbox 1161 594 1303 675; x_wconf 85' lang='lat' dir='ltr'>adparet.</span> <span class='ocrx_word' id='word_1_9' title='bbox 1356 594 1469 672; x_wconf 85' lang='lat' dir='ltr'>Atque</span> 
     </span>
     <span class='ocr_line' id='line_1_3' title="bbox 214 698 1467 780; baseline -0.002 -19"><span class='ocrx_word' id='word_1_10' title='bbox 214 700 434 761; x_wconf 88' lang='lat' dir='ltr'>demonstrare</span> <span class='ocrx_word' id='word_1_11' title='bbox 456 700 578 761; x_wconf 88' lang='lat' dir='ltr'>etiamsi</span> <span class='ocrx_word' id='word_1_12' title='bbox 602 719 665 761; x_wconf 94' lang='lat' dir='ltr'>non</span> <span class='ocrx_word' id='word_1_13' title='bbox 688 718 830 779; x_wconf 90' lang='lat' dir='ltr'>possum,</span> <span class='ocrx_word' id='word_1_14' title='bbox 854 708 962 760; x_wconf 90' lang='lat' dir='ltr'>tamen</span> <span class='ocrx_word' id='word_1_15' title='bbox 986 699 1086 761; x_wconf 91' lang='lat' dir='ltr'>simile</span> <span class='ocrx_word' id='word_1_16' title='bbox 1107 699 1236 780; x_wconf 91' lang='lat' dir='ltr'>quidem</span> <span class='ocrx_word' id='word_1_17' title='bbox 1252 698 1318 760; x_wconf 86' lang='lat' dir='ltr'>veri</span> <span class='ocrx_word' id='word_1_18' title='bbox 1334 699 1467 760; x_wconf 83' lang='lat' dir='ltr'>reddere</span> 
     </span>
     <span class='ocr_line' id='line_1_4' title="bbox 213 801 1549 890; baseline 0.002 -30"><span class='ocrx_word' id='word_1_19' title='bbox 213 801 365 862; x_wconf 88' lang='lat' dir='ltr'>conabor.</span> <span class='ocrx_word' id='word_1_20' title='bbox 411 805 625 885; x_wconf 89' lang='lat' dir='ltr'>Reperiuntur</span> <span class='ocrx_word' id='word_1_21' title='bbox 646 812 753 865; x_wconf 89' lang='lat' dir='ltr'>autern</span> <span class='ocrx_word' id='word_1_22' title='bbox 775 823 828 876; x_wconf 89' lang='lat' dir='ltr'>ea,</span> <span class='ocrx_word' id='word_1_23' title='bbox 860 823 943 882; x_wconf 90' lang='lat' dir='ltr'>quae</span> <span class='ocrx_word' id='word_1_24' title='bbox 966 803 1109 866; x_wconf 88' lang='lat' dir='ltr'>Theonis</span> <span class='ocrx_word' id='word_1_25' title='bbox 1132 814 1213 878; x_wconf 86' lang='lat' dir='ltr'>sunt,</span> <span class='ocrx_word' id='word_1_26' title='bbox 1242 804 1467 885; x_wconf 83' lang='lat' dir='ltr'>comparandis</span> <span class='ocrx_word' id='word_1_27' title='bbox 1545 884 1549 890; x_wconf 18' lang='grc' dir='ltr'>ι</span> 
     </span>
     <span class='ocr_line' id='line_1_5' title="bbox 214 906 1467 990; baseline 0.003 -24"><span class='ocrx_word' id='word_1_28' title='bbox 214 906 369 986; x_wconf 89' lang='lat' dir='ltr'>Apolloni</span> <span class='ocrx_word' id='word_1_29' title='bbox 393 909 521 970; x_wconf 89' lang='lat' dir='ltr'>scholiis</span> <span class='ocrx_word' id='word_1_30' title='bbox 538 929 611 970; x_wconf 89' lang='lat' dir='ltr'>cum</span> <span class='ocrx_word' id='word_1_31' title='bbox 629 908 757 970; x_wconf 88' lang='lat' dir='ltr'><strong>scholiis</strong></span> <span class='ocrx_word' id='word_1_32' title='bbox 772 908 813 969; x_wconf 88' lang='lat' dir='ltr'>ad</span> <span class='ocrx_word' id='word_1_33' title='bbox 828 909 1046 990; x_wconf 85' lang='lat' dir='ltr'>Theocritum,</span> <span class='ocrx_word' id='word_1_34' title='bbox 1069 910 1331 990; x_wconf 90' lang='lat' dir='ltr'>Lycophronem,</span> <span class='ocrx_word' id='word_1_35' title='bbox 1356 911 1467 971; x_wconf 89' lang='lat' dir='ltr'>Nican-</span> 
     </span>
     <span class='ocr_line' id='line_1_6' title="bbox 213 1011 1469 1093; baseline 0.003 -22"><span class='ocrx_word' id='word_1_36' title='bbox 213 1011 318 1085; x_wconf 90' lang='lat' dir='ltr'>drum,</span> <span class='ocrx_word' id='word_1_37' title='bbox 342 1033 414 1074; x_wconf 94' lang='lat' dir='ltr'>cum</span> <span class='ocrx_word' id='word_1_38' title='bbox 439 1023 591 1093; x_wconf 91' lang='lat' dir='ltr'>quattuor</span> <span class='ocrx_word' id='word_1_39' title='bbox 613 1013 683 1075; x_wconf 91' lang='lat' dir='ltr'>illos</span> <span class='ocrx_word' id='word_1_40' title='bbox 706 1014 877 1093; x_wconf 89' lang='lat' dir='ltr'>scriptores</span> <span class='ocrx_word' id='word_1_41' title='bbox 901 1014 1070 1076; x_wconf 92' lang='lat' dir='ltr'>aTheone</span> <span class='ocrx_word' id='word_1_42' title='bbox 1087 1017 1322 1077; x_wconf 90' lang='lat' dir='ltr'>commentariis</span> <span class='ocrx_word' id='word_1_43' title='bbox 1341 1016 1469 1076; x_wconf 91' lang='lat' dir='ltr'>instruc·</span> 
     </span>
     <span class='ocr_line' id='line_1_7' title="bbox 215 1118 1469 1201; baseline 0.002 -24"><span class='ocrx_word' id='word_1_44' title='bbox 215 1125 267 1178; x_wconf 91' lang='lat' dir='ltr'>tos</span> <span class='ocrx_word' id='word_1_45' title='bbox 285 1138 355 1179; x_wconf 89' lang='lat' dir='ltr'>esse</span> <span class='ocrx_word' id='word_1_46' title='bbox 370 1121 521 1180; x_wconf 90' lang='lat' dir='ltr'>tradatur.</span> <span class='ocrx_word' id='word_1_47' title='bbox 553 1118 651 1198; x_wconf 84' lang='lat' dir='ltr'>Quod</span> <span class='ocrx_word' id='word_1_48' title='bbox 666 1120 774 1180; x_wconf 89' lang='lat' dir='ltr'>iniuria</span> <span class='ocrx_word' id='word_1_49' title='bbox 789 1121 918 1199; x_wconf 84' lang='lat' dir='ltr'>negavit</span> <span class='ocrx_word' id='word_1_50' title='bbox 933 1120 1102 1182; x_wconf 90' lang='lat' dir='ltr'>Eduardus</span> <span class='ocrx_word' id='word_1_51' title='bbox 1118 1119 1280 1183; x_wconf 85' lang='lat' dir='ltr'>Schwartz</span> <span class='ocrx_word' id='word_1_52' title='bbox 1297 1122 1337 1201; x_wconf 93' lang='lat' dir='ltr'>(p.</span> <span class='ocrx_word' id='word_1_53' title='bbox 1356 1137 1396 1198; x_wconf 81' lang='lat'>30</span> <span class='ocrx_word' id='word_1_54' title='bbox 1408 1121 1469 1199; x_wconf 87' lang='lat' dir='ltr'>sq.)</span> 
     </span>
     <span class='ocr_line' id='line_1_8' title="bbox 216 1224 1467 1301; baseline 0.002 -18"><span class='ocrx_word' id='word_1_55' title='bbox 216 1241 320 1301; x_wconf 90' lang='lat' dir='ltr'>neque</span> <span class='ocrx_word' id='word_1_56' title='bbox 352 1233 436 1285; x_wconf 91' lang='lat' dir='ltr'>recte</span> <span class='ocrx_word' id='word_1_57' title='bbox 466 1225 637 1296; x_wconf 87' lang='lat' dir='ltr'>conclusit,</span> <span class='ocrx_word' id='word_1_58' title='bbox 668 1245 741 1285; x_wconf 92' lang='lat' dir='ltr'>cum</span> <span class='ocrx_word' id='word_1_59' title='bbox 771 1224 873 1286; x_wconf 90' lang='lat' dir='ltr'>multo</span> <span class='ocrx_word' id='word_1_60' title='bbox 896 1225 1043 1287; x_wconf 89' lang='lat' dir='ltr'>breviora</span> <span class='ocrx_word' id='word_1_61' title='bbox 1066 1235 1172 1288; x_wconf 86' lang='lat' dir='ltr'>essent</span> <span class='ocrx_word' id='word_1_62' title='bbox 1195 1235 1227 1287; x_wconf 90' lang='lat' dir='ltr'>et</span> <span class='ocrx_word' id='word_1_63' title='bbox 1248 1225 1380 1287; x_wconf 90' lang='lat' dir='ltr'>exiliora</span> <span class='ocrx_word' id='word_1_64' title='bbox 1406 1224 1467 1296; x_wconf 88' lang='lat' dir='ltr'>illa,</span> 
     </span>
     <span class='ocr_line' id='line_1_9' title="bbox 216 1328 1469 1411; baseline 0.002 -24"><span class='ocrx_word' id='word_1_65' title='bbox 216 1346 315 1406; x_wconf 89' lang='lat' dir='ltr'>quarn</span> <span class='ocrx_word' id='word_1_66' title='bbox 331 1328 549 1408; x_wconf 87' lang='lat' dir='ltr'>Apolloniana</span> <span class='ocrx_word' id='word_1_67' title='bbox 572 1330 665 1390; x_wconf 87' lang='lat' dir='ltr'>etad</span> <span class='ocrx_word' id='word_1_68' title='bbox 688 1330 780 1390; x_wconf 90' lang='lat' dir='ltr'>nimis</span> <span class='ocrx_word' id='word_1_69' title='bbox 803 1330 928 1391; x_wconf 88' lang='lat' dir='ltr'>diversa</span> <span class='ocrx_word' id='word_1_70' title='bbox 943 1351 1061 1410; x_wconf 84' lang='lat' dir='ltr'>genera</span> <span class='ocrx_word' id='word_1_71' title='bbox 1078 1331 1282 1411; x_wconf 89' lang='lat' dir='ltr'>pertinerent,</span> <span class='ocrx_word' id='word_1_72' title='bbox 1305 1328 1469 1391; x_wconf 88' lang='lat' dir='ltr'>Theocriti</span> 
     </span>
     <span class='ocr_line' id='line_1_10' title="bbox 216 1431 1469 1515; baseline 0.001 -22"><span class='ocrx_word' id='word_1_73' title='bbox 216 1432 405 1495; x_wconf 89' lang='lat' dir='ltr'>scholiastas</span> <span class='ocrx_word' id='word_1_74' title='bbox 436 1454 478 1495; x_wconf 97' lang='lat' dir='ltr'>ex</span> <span class='ocrx_word' id='word_1_75' title='bbox 509 1431 679 1514; x_wconf 89' lang='lat' dir='ltr'>Sophoclis</span> <span class='ocrx_word' id='word_1_76' title='bbox 707 1436 807 1515; x_wconf 90' lang='lat' dir='ltr'>copiis</span> <span class='ocrx_word' id='word_1_77' title='bbox 837 1435 988 1497; x_wconf 86' lang='lat' dir='ltr'>hausisse.</span> <span class='ocrx_word' id='word_1_78' title='bbox 1033 1436 1117 1497; x_wconf 91' lang='lat' dir='ltr'>Nam</span> <span class='ocrx_word' id='word_1_79' title='bbox 1147 1437 1187 1498; x_wconf 91' lang='lat' dir='ltr'>ad</span> <span class='ocrx_word' id='word_1_80' title='bbox 1221 1437 1303 1497; x_wconf 90' lang='lat' dir='ltr'>hanc</span> <span class='ocrx_word' id='word_1_81' title='bbox 1337 1455 1469 1515; x_wconf 90' lang='lat' dir='ltr'>pauper·</span> 
     </span>
     <span class='ocr_line' id='line_1_11' title="bbox 215 1539 1467 1622; baseline -0.001 -22"><span class='ocrx_word' id='word_1_82' title='bbox 215 1548 316 1600; x_wconf 87' lang='lat' dir='ltr'>tatem</span> <span class='ocrx_word' id='word_1_83' title='bbox 350 1539 465 1600; x_wconf 88' lang='lat' dir='ltr'>invidia</span> <span class='ocrx_word' id='word_1_84' title='bbox 496 1548 680 1619; x_wconf 92' lang='lat' dir='ltr'>temporum</span> <span class='ocrx_word' id='word_1_85' title='bbox 710 1540 948 1622; x_wconf 89' lang='lat' dir='ltr'>scribarumque</span> <span class='ocrx_word' id='word_1_86' title='bbox 986 1541 1187 1622; x_wconf 84' lang='lat' dir='ltr'>neglegentia</span> <span class='ocrx_word' id='word_1_87' title='bbox 1219 1542 1348 1602; x_wconf 91' lang='lat' dir='ltr'>redacta</span> <span class='ocrx_word' id='word_1_88' title='bbox 1386 1549 1467 1612; x_wconf 88' lang='lat' dir='ltr'>sunt,</span> 
     </span>
     <span class='ocr_line' id='line_1_12' title="bbox 217 1645 1468 1727; baseline -0.001 -21"><span class='ocrx_word' id='word_1_89' title='bbox 217 1664 322 1724; x_wconf 90' lang='lat' dir='ltr'>neque</span> <span class='ocrx_word' id='word_1_90' title='bbox 353 1645 484 1706; x_wconf 91' lang='lat' dir='ltr'>omnino</span> <span class='ocrx_word' id='word_1_91' title='bbox 513 1645 645 1724; x_wconf 84' lang='lat' dir='ltr'>cogitari</span> <span class='ocrx_word' id='word_1_92' title='bbox 677 1655 784 1726; x_wconf 89' lang='lat' dir='ltr'>potest</span> <span class='ocrx_word' id='word_1_93' title='bbox 813 1647 1014 1726; x_wconf 91' lang='lat' dir='ltr'>potissimum</span> <span class='ocrx_word' id='word_1_94' title='bbox 1045 1655 1177 1727; x_wconf 90' lang='lat' dir='ltr'>propter</span> <span class='ocrx_word' id='word_1_95' title='bbox 1206 1665 1358 1726; x_wconf 86' lang='lat' dir='ltr'>generum</span> <span class='ocrx_word' id='word_1_96' title='bbox 1383 1645 1468 1705; x_wconf 88' lang='lat' dir='ltr'>illam</span> 
     </span>
     <span class='ocr_line' id='line_1_13' title="bbox 217 1749 1468 1831; baseline 0 -20"><span class='ocrx_word' id='word_1_97' title='bbox 217 1751 434 1812; x_wconf 88' lang='lat' dir='ltr'>diversitatem</span> <span class='ocrx_word' id='word_1_98' title='bbox 446 1750 608 1811; x_wconf 89' lang='lat' dir='ltr'>Theocriti</span> <span class='ocrx_word' id='word_1_99' title='bbox 620 1751 825 1830; x_wconf 89' lang='lat' dir='ltr'>interpretem</span> <span class='ocrx_word' id='word_1_100' title='bbox 841 1749 997 1831; x_wconf 86' lang='lat' dir='ltr'>Apolloni</span> <span class='ocrx_word' id='word_1_101' title='bbox 1013 1753 1260 1813; x_wconf 88' lang='lat' dir='ltr'>commentarios</span> <span class='ocrx_word' id='word_1_102' title='bbox 1283 1751 1468 1830; x_wconf 82' lang='lat' dir='ltr'>inspexisse,</span> 
     </span>
     <span class='ocr_line' id='line_1_14' title="bbox 217 1854 1469 1936; baseline -0.001 -20"><span class='ocrx_word' id='word_1_103' title='bbox 217 1865 252 1917; x_wconf 95' lang='lat' dir='ltr'>ut</span> <span class='ocrx_word' id='word_1_104' title='bbox 274 1854 398 1916; x_wconf 82' lang='lat' dir='ltr'>fabulas</span> <span class='ocrx_word' id='word_1_105' title='bbox 420 1855 508 1917; x_wconf 92' lang='lat' dir='ltr'>velut</span> <span class='ocrx_word' id='word_1_106' title='bbox 530 1856 571 1916; x_wconf 90' lang='lat' dir='ltr'>de</span> <span class='ocrx_word' id='word_1_107' title='bbox 583 1855 776 1918; x_wconf 89' lang='lat' dir='ltr'>Prometheo</span> <span class='ocrx_word' id='word_1_108' title='bbox 800 1854 910 1935; x_wconf 82' lang='lat' dir='ltr'>(schol.</span> <span class='ocrx_word' id='word_1_109' title='bbox 931 1856 1092 1918; x_wconf 87' lang='lat' dir='ltr'>Theocrit.</span> <span class='ocrx_word' id='word_1_110' title='bbox 1116 1857 1148 1917; x_wconf 93' lang='lat' dir='ltr'>id</span> <span class='ocrx_word' id='word_1_111' title='bbox 1169 1857 1223 1919; x_wconf 90' lang='lat' dir='ltr'>Ill.</span> <span class='ocrx_word' id='word_1_112' title='bbox 1244 1859 1286 1936; x_wconf 86' lang='lat'>76</span> <span class='ocrx_word' id='word_1_113' title='bbox 1307 1885 1349 1908; x_wconf 94' lang='lat'><strong><em>=</em></strong></span> <span class='ocrx_word' id='word_1_114' title='bbox 1370 1854 1469 1916; x_wconf 91' lang='lat' dir='ltr'>schol.</span> 
     </span>
     <span class='ocr_line' id='line_1_15' title="bbox 217 1959 1471 2043; baseline 0.001 -22"><span class='ocrx_word' id='word_1_115' title='bbox 217 1959 283 2041; x_wconf 90' lang='lat' dir='ltr'>Ap.</span> <span class='ocrx_word' id='word_1_116' title='bbox 299 1959 360 2021; x_wconf 92' lang='lat' dir='ltr'>Rh.</span> <span class='ocrx_word' id='word_1_117' title='bbox 384 1959 422 2021; x_wconf 94' lang='lat' dir='ltr'>lI.</span> <span class='ocrx_word' id='word_1_118' title='bbox 451 1962 542 2040; x_wconf 81' lang='lat'><em>1248)</em></span> <span class='ocrx_word' id='word_1_119' title='bbox 565 1969 620 2022; x_wconf 90' lang='lat' dir='ltr'>aut</span> <span class='ocrx_word' id='word_1_120' title='bbox 642 1962 682 2022; x_wconf 89' lang='lat' dir='ltr'>de</span> <span class='ocrx_word' id='word_1_121' title='bbox 698 1961 902 2040; x_wconf 90' lang='lat' dir='ltr'>Endymione</span> <span class='ocrx_word' id='word_1_122' title='bbox 925 1961 1038 2043; x_wconf 91' lang='lat' dir='ltr'>(schol.</span> <span class='ocrx_word' id='word_1_123' title='bbox 1057 1962 1217 2023; x_wconf 90' lang='lat' dir='ltr'>Theocrit.</span> <span class='ocrx_word' id='word_1_124' title='bbox 1240 1961 1270 2021; x_wconf 89' lang='lat' dir='ltr'>id</span> <span class='ocrx_word' id='word_1_125' title='bbox 1295 1961 1347 2026; x_wconf 89' lang='lat' dir='ltr'>Ill.</span> <span class='ocrx_word' id='word_1_126' title='bbox 1371 1978 1413 2039; x_wconf 90' lang='grc'>49</span> <span class='ocrx_word' id='word_1_127' title='bbox 1429 1990 1471 2012; x_wconf 91' lang='lat'><strong><em>=</em></strong></span> 
     </span>
     <span class='ocr_line' id='line_1_16' title="bbox 216 2064 1470 2146; baseline -0.001 -19"><span class='ocrx_word' id='word_1_128' title='bbox 216 2066 317 2128; x_wconf 87' lang='lat' dir='ltr'>schol.</span> <span class='ocrx_word' id='word_1_129' title='bbox 342 2065 406 2146; x_wconf 91' lang='lat' dir='ltr'>Ap.</span> <span class='ocrx_word' id='word_1_130' title='bbox 432 2065 493 2126; x_wconf 92' lang='lat' dir='ltr'>Rh.</span> <span class='ocrx_word' id='word_1_131' title='bbox 515 2064 573 2128; x_wconf 94' lang='lat' dir='ltr'>IV.</span> <span class='ocrx_word' id='word_1_132' title='bbox 600 2066 648 2146; x_wconf 84' lang='lat'>57)</span> <span class='ocrx_word' id='word_1_133' title='bbox 673 2077 892 2145; x_wconf 84' lang='lat' dir='ltr'>cognosceret.</span> <span class='ocrx_word' id='word_1_134' title='bbox 938 2066 1051 2146; x_wconf 89' lang='lat' dir='ltr'>Itaque</span> <span class='ocrx_word' id='word_1_135' title='bbox 1074 2067 1247 2129; x_wconf 85' lang='lat' dir='ltr'>rectissime</span> <span class='ocrx_word' id='word_1_136' title='bbox 1272 2067 1352 2128; x_wconf 87' lang='lat' dir='ltr'>hanc</span> <span class='ocrx_word' id='word_1_137' title='bbox 1379 2067 1470 2128; x_wconf 91' lang='lat' dir='ltr'>ratio-</span> 
     </span>
     <span class='ocr_line' id='line_1_17' title="bbox 218 2170 1470 2252; baseline 0 -19"><span class='ocrx_word' id='word_1_138' title='bbox 218 2192 292 2233; x_wconf 91' lang='lat' dir='ltr'>nem</span> <span class='ocrx_word' id='word_1_139' title='bbox 311 2170 453 2233; x_wconf 91' lang='lat' dir='ltr'>Theonis</span> <span class='ocrx_word' id='word_1_140' title='bbox 475 2172 724 2232; x_wconf 87' lang='lat' dir='ltr'>commentarios</span> <span class='ocrx_word' id='word_1_141' title='bbox 746 2172 922 2233; x_wconf 89' lang='lat' dir='ltr'>inveniendi</span> <span class='ocrx_word' id='word_1_142' title='bbox 947 2172 1160 2234; x_wconf 87' lang='lat' dir='ltr'>adhibendam</span> <span class='ocrx_word' id='word_1_143' title='bbox 1183 2191 1254 2232; x_wconf 89' lang='lat' dir='ltr'>esse</span> <span class='ocrx_word' id='word_1_144' title='bbox 1276 2171 1470 2252; x_wconf 63' lang='lat' dir='ltr'>censeoffl).</span> 
     </span>
     <span class='ocr_line' id='line_1_18' title="bbox 216 2275 1471 2357; baseline -0.001 -19"><span class='ocrx_word' id='word_1_145' title='bbox 216 2277 295 2338; x_wconf 91' lang='lat' dir='ltr'>Inde</span> <span class='ocrx_word' id='word_1_146' title='bbox 318 2285 425 2337; x_wconf 91' lang='lat' dir='ltr'>autem</span> <span class='ocrx_word' id='word_1_147' title='bbox 449 2275 561 2351; x_wconf 90' lang='lat' dir='ltr'>elucet,</span> <span class='ocrx_word' id='word_1_148' title='bbox 584 2276 753 2338; x_wconf 91' lang='lat' dir='ltr'>Theonem</span> <span class='ocrx_word' id='word_1_149' title='bbox 777 2278 818 2338; x_wconf 91' lang='lat' dir='ltr'>ad</span> <span class='ocrx_word' id='word_1_150' title='bbox 834 2277 990 2357; x_wconf 91' lang='lat' dir='ltr'>Apolloni</span> <span class='ocrx_word' id='word_1_151' title='bbox 1013 2297 1142 2339; x_wconf 87' lang='lat' dir='ltr'>carmen</span> <span class='ocrx_word' id='word_1_152' title='bbox 1170 2277 1376 2357; x_wconf 86' lang='lat' dir='ltr'>adscripsisse</span> <span class='ocrx_word' id='word_1_153' title='bbox 1392 2276 1471 2338; x_wconf 91' lang='lat' dir='ltr'>haec</span> 
     </span>
     <span class='ocr_line' id='line_1_19' title="bbox 218 2380 1469 2465; baseline 0 -23"><span class='ocrx_word' id='word_1_154' title='bbox 218 2383 359 2462; x_wconf 90' lang='lat' dir='ltr'>pretiosa</span> <span class='ocrx_word' id='word_1_155' title='bbox 388 2380 523 2444; x_wconf 90' lang='lat' dir='ltr'>scholia:</span> <span class='ocrx_word' id='word_1_156' title='bbox 553 2382 593 2443; x_wconf 88' lang='lat' dir='ltr'>de</span> <span class='ocrx_word' id='word_1_157' title='bbox 618 2381 822 2461; x_wconf 91' lang='lat' dir='ltr'>Endymione</span> <span class='ocrx_word' id='word_1_158' title='bbox 845 2381 958 2465; x_wconf 91' lang='lat' dir='ltr'>(schol.</span> <span class='ocrx_word' id='word_1_159' title='bbox 982 2382 1047 2463; x_wconf 93' lang='lat' dir='ltr'>Ap.</span> <span class='ocrx_word' id='word_1_160' title='bbox 1072 2383 1133 2449; x_wconf 91' lang='lat' dir='ltr'>Rh.</span> <span class='ocrx_word' id='word_1_161' title='bbox 1153 2381 1211 2442; x_wconf 86' lang='lat' dir='ltr'>IV.</span> <span class='ocrx_word' id='word_1_162' title='bbox 1238 2395 1276 2461; x_wconf 81' lang='lat'>57</span> <span class='ocrx_word' id='word_1_163' title='bbox 1306 2380 1469 2443; x_wconf 84' lang='lat' dir='ltr'>:schol</span> 
     </span>
     <span class='ocr_line' id='line_1_20' title="bbox 218 2482 1469 2569; baseline -0.005 -20"><span class='ocrx_word' id='word_1_164' title='bbox 218 2487 379 2551; x_wconf 88' lang='lat' dir='ltr'>Theocrit.</span> <span class='ocrx_word' id='word_1_165' title='bbox 403 2486 457 2550; x_wconf 90' lang='lat' dir='ltr'>III.</span> <span class='ocrx_word' id='word_1_166' title='bbox 480 2488 545 2566; x_wconf 84' lang='grc'>49),</span> <span class='ocrx_word' id='word_1_167' title='bbox 567 2487 606 2548; x_wconf 89' lang='lat' dir='ltr'>de</span> <span class='ocrx_word' id='word_1_168' title='bbox 621 2486 815 2548; x_wconf 91' lang='lat' dir='ltr'>Prometheo</span> <span class='ocrx_word' id='word_1_169' title='bbox 839 2487 949 2569; x_wconf 92' lang='lat' dir='ltr'>(schol.</span> <span class='ocrx_word' id='word_1_170' title='bbox 965 2488 1030 2568; x_wconf 92' lang='lat' dir='ltr'>Ap.</span> <span class='ocrx_word' id='word_1_171' title='bbox 1049 2488 1111 2549; x_wconf 93' lang='lat' dir='ltr'>Rh.</span> <span class='ocrx_word' id='word_1_172' title='bbox 1133 2487 1171 2548; x_wconf 92' lang='grc' dir='ltr'>ΙΙ.</span> <span class='ocrx_word' id='word_1_173' title='bbox 1201 2487 1278 2562; x_wconf 82' lang='lat'>1248</span> <span class='ocrx_word' id='word_1_174' title='bbox 1300 2514 1343 2537; x_wconf 91' lang='lat'><strong><em>=</em></strong></span> <span class='ocrx_word' id='word_1_175' title='bbox 1370 2482 1469 2544; x_wconf 92' lang='lat' dir='ltr'>schol.</span> 
     </span>
     <span class='ocr_line' id='line_1_21' title="bbox 219 2587 1467 2674; baseline -0.005 -21"><span class='ocrx_word' id='word_1_176' title='bbox 219 2592 379 2655; x_wconf 89' lang='lat' dir='ltr'>Theocrit.</span> <span class='ocrx_word' id='word_1_177' title='bbox 403 2591 457 2654; x_wconf 89' lang='lat' dir='ltr'>III.</span> <span class='ocrx_word' id='word_1_178' title='bbox 480 2592 542 2673; x_wconf 88' lang='lat'>76),</span> <span class='ocrx_word' id='word_1_179' title='bbox 567 2592 607 2654; x_wconf 92' lang='lat' dir='ltr'>de</span> <span class='ocrx_word' id='word_1_180' title='bbox 634 2591 840 2673; x_wconf 86' lang='lat' dir='ltr'>Melampode</span> <span class='ocrx_word' id='word_1_181' title='bbox 865 2593 973 2674; x_wconf 90' lang='lat' dir='ltr'>(schol.</span> <span class='ocrx_word' id='word_1_182' title='bbox 998 2592 1063 2674; x_wconf 88' lang='lat' dir='ltr'>Ap.</span> <span class='ocrx_word' id='word_1_183' title='bbox 1088 2591 1150 2653; x_wconf 93' lang='lat' dir='ltr'>Rh.</span> <span class='ocrx_word' id='word_1_184' title='bbox 1174 2592 1197 2657; x_wconf 92' lang='lat' dir='ltr'>I.</span> <span class='ocrx_word' id='word_1_185' title='bbox 1226 2607 1279 2652; x_wconf 89' lang='lat'>121</span> <span class='ocrx_word' id='word_1_186' title='bbox 1303 2587 1467 2649; x_wconf 83' lang='lat' dir='ltr'>:schol</span> 
     </span>
     <span class='ocr_line' id='line_1_22' title="bbox 219 2693 1471 2778; baseline -0.001 -19"><span class='ocrx_word' id='word_1_187' title='bbox 219 2697 385 2764; x_wconf 85' lang='lat' dir='ltr'>Theocrit.</span> <span class='ocrx_word' id='word_1_188' title='bbox 424 2697 478 2758; x_wconf 87' lang='lat' dir='ltr'>Ill.</span> <span class='ocrx_word' id='word_1_189' title='bbox 516 2699 588 2778; x_wconf 84' lang='lat'>43),</span> <span class='ocrx_word' id='word_1_190' title='bbox 632 2698 672 2758; x_wconf 89' lang='lat' dir='ltr'>de</span> <span class='ocrx_word' id='word_1_191' title='bbox 710 2698 864 2760; x_wconf 88' lang='lat' dir='ltr'>Mantone</span> <span class='ocrx_word' id='word_1_192' title='bbox 896 2698 1036 2760; x_wconf 87' lang='lat' dir='ltr'>Tiresiae</span> <span class='ocrx_word' id='word_1_193' title='bbox 1071 2696 1139 2765; x_wconf 86' lang='lat' dir='ltr'>filia¹</span> <span class='ocrx_word' id='word_1_194' title='bbox 1172 2694 1283 2777; x_wconf 80' lang='lat' dir='ltr'>(schol.</span> <span class='ocrx_word' id='word_1_195' title='bbox 1321 2693 1471 2758; x_wconf 89' lang='lat' dir='ltr'>Nicandr.</span> 
     </span>
     <span class='ocr_line' id='line_1_23' title="bbox 219 2798 1471 2883; baseline -0.005 -19"><span class='ocrx_word' id='word_1_196' title='bbox 219 2803 320 2865; x_wconf 91' lang='lat' dir='ltr'>Ther.</span> <span class='ocrx_word' id='word_1_197' title='bbox 343 2805 404 2882; x_wconf 86' lang='lat'>958</span> <span class='ocrx_word' id='word_1_198' title='bbox 436 2831 478 2854; x_wconf 88' lang='lat'><strong><em>=</em></strong></span> <span class='ocrx_word' id='word_1_199' title='bbox 509 2801 608 2865; x_wconf 89' lang='lat' dir='ltr'>schol.</span> <span class='ocrx_word' id='word_1_200' title='bbox 639 2803 708 2870; x_wconf 89' lang='lat' dir='ltr'>Nic.</span> <span class='ocrx_word' id='word_1_201' title='bbox 735 2803 830 2866; x_wconf 86' lang='lat' dir='ltr'>Alex.</span> <span class='ocrx_word' id='word_1_202' title='bbox 859 2821 890 2863; x_wconf 93' lang='lat'>11</span> <span class='ocrx_word' id='word_1_203' title='bbox 917 2833 959 2856; x_wconf 93' lang='lat'><strong><em>=</em></strong></span> <span class='ocrx_word' id='word_1_204' title='bbox 978 2802 1075 2866; x_wconf 92' lang='lat' dir='ltr'>schol.</span> <span class='ocrx_word' id='word_1_205' title='bbox 1097 2802 1163 2883; x_wconf 92' lang='lat' dir='ltr'>Ap.</span> <span class='ocrx_word' id='word_1_206' title='bbox 1187 2801 1248 2862; x_wconf 92' lang='lat' dir='ltr'>Rh.</span> <span class='ocrx_word' id='word_1_207' title='bbox 1273 2799 1295 2860; x_wconf 93' lang='grc' dir='ltr'>Ι.</span> <span class='ocrx_word' id='word_1_208' title='bbox 1321 2799 1394 2879; x_wconf 86' lang='lat'>308)</span> <span class='ocrx_word' id='word_1_209' title='bbox 1407 2798 1471 2878; x_wconf 78' lang='lat'>11⁶).</span> 
     </span>
     <span class='ocr_line' id='line_1_24' title="bbox 219 2903 1470 2988; baseline -0.006 -18"><span class='ocrx_word' id='word_1_210' title='bbox 219 2906 311 2988; x_wconf 84' lang='lat' dir='ltr'>Quas</span> <span class='ocrx_word' id='word_1_211' title='bbox 341 2907 464 2971; x_wconf 81' lang='lat' dir='ltr'>fabulas</span> <span class='ocrx_word' id='word_1_212' title='bbox 503 2908 544 2969; x_wconf 92' lang='lat' dir='ltr'>ad</span> <span class='ocrx_word' id='word_1_213' title='bbox 571 2907 835 2988; x_wconf 82' lang='lat' dir='ltr'>Argonautarum</span> <span class='ocrx_word' id='word_1_214' title='bbox 865 2909 1105 2988; x_wconf 89' lang='lat' dir='ltr'>expeditionem</span> <span class='ocrx_word' id='word_1_215' title='bbox 1146 2907 1342 2988; x_wconf 89' lang='lat' dir='ltr'>pertinentes</span> <span class='ocrx_word' id='word_1_216' title='bbox 1377 2903 1470 2964; x_wconf 90' lang='lat' dir='ltr'>Theo</span> 
     </span>
     <span class='ocr_line' id='line_1_25' title="bbox 219 3006 1473 3095; baseline -0.006 -19"><span class='ocrx_word' id='word_1_217' title='bbox 219 3015 262 3076; x_wconf 88' lang='lat' dir='ltr'>ad</span> <span class='ocrx_word' id='word_1_218' title='bbox 294 3013 449 3094; x_wconf 93' lang='lat' dir='ltr'>Apolloni</span> <span class='ocrx_word' id='word_1_219' title='bbox 479 3034 589 3075; x_wconf 90' lang='lat' dir='ltr'>versus</span> <span class='ocrx_word' id='word_1_220' title='bbox 620 3014 835 3086; x_wconf 87' lang='lat' dir='ltr'>adnotaverit,</span> <span class='ocrx_word' id='word_1_221' title='bbox 878 3023 1051 3093; x_wconf 88' lang='lat' dir='ltr'>propterea</span> <span class='ocrx_word' id='word_1_222' title='bbox 1079 3013 1120 3074; x_wconf 87' lang='lat' dir='ltr'>ad</span> <span class='ocrx_word' id='word_1_223' title='bbox 1143 3011 1374 3074; x_wconf 86' lang='lat' dir='ltr'>enucleandum</span> <span class='ocrx_word' id='word_1_224' title='bbox 1396 3006 1473 3095; x_wconf 85' lang='lat' dir='ltr'>diffi-</span> 
     </span>
     <span class='ocr_line' id='line_1_26' title="bbox 220 3115 1473 3198; baseline -0.004 -19"><span class='ocrx_word' id='word_1_225' title='bbox 220 3119 373 3180; x_wconf 90' lang='lat' dir='ltr'>cillimum</span> <span class='ocrx_word' id='word_1_226' title='bbox 395 3127 452 3191; x_wconf 90' lang='lat' dir='ltr'>est,</span> <span class='ocrx_word' id='word_1_227' title='bbox 476 3119 550 3198; x_wconf 91' lang='lat' dir='ltr'>quia</span> <span class='ocrx_word' id='word_1_228' title='bbox 573 3117 641 3180; x_wconf 90' lang='lat' dir='ltr'>illas</span> <span class='ocrx_word' id='word_1_229' title='bbox 665 3118 788 3181; x_wconf 88' lang='lat' dir='ltr'>fabulas</span> <span class='ocrx_word' id='word_1_230' title='bbox 811 3118 1001 3180; x_wconf 89' lang='lat' dir='ltr'>Theocritus</span> <span class='ocrx_word' id='word_1_231' title='bbox 1028 3126 1060 3180; x_wconf 91' lang='lat' dir='ltr'>et</span> <span class='ocrx_word' id='word_1_232' title='bbox 1081 3117 1241 3178; x_wconf 88' lang='lat' dir='ltr'>Nicander</span> <span class='ocrx_word' id='word_1_233' title='bbox 1264 3116 1319 3179; x_wconf 85' lang='lat' dir='ltr'>vix</span> <span class='ocrx_word' id='word_1_234' title='bbox 1341 3115 1473 3176; x_wconf 89' lang='lat' dir='ltr'>strinxe-</span> 
     </span>
     <span class='ocr_line' id='line_1_27' title="bbox 222 3219 1474 3304; baseline -0.006 -19"><span class='ocrx_word' id='word_1_235' title='bbox 222 3234 294 3287; x_wconf 92' lang='lat' dir='ltr'>runt</span> <span class='ocrx_word' id='word_1_236' title='bbox 317 3233 349 3285; x_wconf 90' lang='lat' dir='ltr'>et</span> <span class='ocrx_word' id='word_1_237' title='bbox 376 3234 485 3286; x_wconf 88' lang='lat' dir='ltr'>vetera</span> <span class='ocrx_word' id='word_1_238' title='bbox 515 3223 740 3304; x_wconf 84' lang='lat' dir='ltr'>Lycophronis</span> <span class='ocrx_word' id='word_1_239' title='bbox 769 3223 890 3286; x_wconf 90' lang='lat' dir='ltr'>scholia</span> <span class='ocrx_word' id='word_1_240' title='bbox 913 3223 1075 3302; x_wconf 87' lang='lat' dir='ltr'>quondam</span> <span class='ocrx_word' id='word_1_241' title='bbox 1106 3223 1173 3283; x_wconf 91' lang='lat' dir='ltr'>sine</span> <span class='ocrx_word' id='word_1_242' title='bbox 1199 3221 1297 3283; x_wconf 93' lang='lat' dir='ltr'>dubio</span> <span class='ocrx_word' id='word_1_243' title='bbox 1321 3219 1474 3282; x_wconf 88' lang='lat' dir='ltr'>ditissima</span> 
     </span>
     <span class='ocr_line' id='line_1_28' title="bbox 222 3324 1475 3408; baseline -0.004 -18"><span class='ocrx_word' id='word_1_244' title='bbox 222 3330 396 3391; x_wconf 90' lang='lat' dir='ltr'>miserrime</span> <span class='ocrx_word' id='word_1_245' title='bbox 420 3330 546 3390; x_wconf 86' lang='lat' dir='ltr'>concisa</span> <span class='ocrx_word' id='word_1_246' title='bbox 568 3329 639 3396; x_wconf 84' lang='lat' dir='ltr'>sint.</span> <span class='ocrx_word' id='word_1_247' title='bbox 673 3329 797 3390; x_wconf 90' lang='lat' dir='ltr'>Tamen</span> <span class='ocrx_word' id='word_1_248' title='bbox 818 3329 952 3408; x_wconf 84' lang='lat' dir='ltr'>vestigia</span> <span class='ocrx_word' id='word_1_249' title='bbox 973 3348 1037 3389; x_wconf 91' lang='lat' dir='ltr'>non</span> <span class='ocrx_word' id='word_1_250' title='bbox 1060 3329 1191 3390; x_wconf 90' lang='lat' dir='ltr'>desunt:</span> <span class='ocrx_word' id='word_1_251' title='bbox 1217 3327 1303 3389; x_wconf 87' lang='lat' dir='ltr'>velut</span> <span class='ocrx_word' id='word_1_252' title='bbox 1327 3327 1367 3387; x_wconf 89' lang='lat' dir='ltr'>de</span> <span class='ocrx_word' id='word_1_253' title='bbox 1387 3324 1475 3404; x_wconf 91' lang='lat' dir='ltr'>Hyla</span> 
     </span>
     <span class='ocr_line' id='line_1_29' title="bbox 222 3430 1474 3515; baseline -0.004 -20"><span class='ocrx_word' id='word_1_254' title='bbox 222 3433 316 3496; x_wconf 89' lang='lat' dir='ltr'>Theo</span> <span class='ocrx_word' id='word_1_255' title='bbox 339 3434 484 3496; x_wconf 90' lang='lat' dir='ltr'>disseruit</span> <span class='ocrx_word' id='word_1_256' title='bbox 506 3434 547 3495; x_wconf 90' lang='lat' dir='ltr'>ad</span> <span class='ocrx_word' id='word_1_257' title='bbox 567 3433 632 3515; x_wconf 93' lang='lat' dir='ltr'>Ap.</span> <span class='ocrx_word' id='word_1_258' title='bbox 656 3434 717 3497; x_wconf 88' lang='lat' dir='ltr'>Rh.</span> <span class='ocrx_word' id='word_1_259' title='bbox 739 3435 762 3495; x_wconf 95' lang='lat' dir='ltr'>I.</span> <span class='ocrx_word' id='word_1_260' title='bbox 792 3451 826 3496; x_wconf 87' lang='lat'>12</span> <span class='ocrx_word' id='word_1_261' title='bbox 833 3435 870 3512; x_wconf 82' lang='lat'>36</span> <span class='ocrx_word' id='word_1_262' title='bbox 894 3436 948 3513; x_wconf 89' lang='lat'>(=</span> <span class='ocrx_word' id='word_1_263' title='bbox 969 3433 1070 3498; x_wconf 91' lang='lat' dir='ltr'>schol.</span> <span class='ocrx_word' id='word_1_264' title='bbox 1085 3432 1247 3495; x_wconf 88' lang='lat' dir='ltr'>Theocrit.</span> <span class='ocrx_word' id='word_1_265' title='bbox 1264 3433 1304 3494; x_wconf 89' lang='lat' dir='ltr'>id.</span> <span class='ocrx_word' id='word_1_266' title='bbox 1321 3430 1407 3493; x_wconf 91' lang='lat' dir='ltr'>XIII.</span> <span class='ocrx_word' id='word_1_267' title='bbox 1422 3430 1474 3510; x_wconf 88' lang='grc'>46)</span> 
     </span>
     <span class='ocr_line' id='line_1_30' title="bbox 224 3536 1475 3620; baseline -0.005 -18"><span class='ocrx_word' id='word_1_268' title='bbox 224 3549 257 3602; x_wconf 90' lang='lat' dir='ltr'>et</span> <span class='ocrx_word' id='word_1_269' title='bbox 287 3539 310 3601; x_wconf 92' lang='lat' dir='ltr'>l.</span> <span class='ocrx_word' id='word_1_270' title='bbox 339 3557 392 3618; x_wconf 85' lang='lat'>131</span> <span class='ocrx_word' id='word_1_271' title='bbox 420 3536 472 3620; x_wconf 86' lang='lat' dir='ltr'>(cf.</span> <span class='ocrx_word' id='word_1_272' title='bbox 505 3539 604 3606; x_wconf 89' lang='lat' dir='ltr'>schol.</span> <span class='ocrx_word' id='word_1_273' title='bbox 630 3540 792 3602; x_wconf 89' lang='lat' dir='ltr'>Theocrit.</span> <span class='ocrx_word' id='word_1_274' title='bbox 823 3540 864 3602; x_wconf 92' lang='lat' dir='ltr'>id.</span> <span class='ocrx_word' id='word_1_275' title='bbox 895 3538 980 3599; x_wconf 89' lang='lat' dir='ltr'>XIII.</span> <span class='ocrx_word' id='word_1_276' title='bbox 1004 3538 1037 3620; x_wconf 88' lang='lat'>7)</span> <span class='ocrx_word' id='word_1_277' title='bbox 1071 3560 1108 3601; x_wconf 88' lang='lat' dir='ltr'>ac</span> <span class='ocrx_word' id='word_1_278' title='bbox 1130 3544 1264 3600; x_wconf 88' lang='lat' dir='ltr'>fortasse</span> <span class='ocrx_word' id='word_1_279' title='bbox 1287 3539 1326 3599; x_wconf 90' lang='lat' dir='ltr'>de</span> <span class='ocrx_word' id='word_1_280' title='bbox 1351 3536 1475 3616; x_wconf 85' lang='lat' dir='ltr'>Cytaeo</span> 
     </span>
     <span class='ocr_line' id='line_1_31' title="bbox 223 3642 1476 3726; baseline -0.005 -19"><span class='ocrx_word' id='word_1_281' title='bbox 223 3646 345 3726; x_wconf 92' lang='lat' dir='ltr'>oppido</span> <span class='ocrx_word' id='word_1_282' title='bbox 359 3642 520 3707; x_wconf 86' lang='lat' dir='ltr'>Colchidis</span> <span class='ocrx_word' id='word_1_283' title='bbox 544 3646 584 3706; x_wconf 92' lang='lat' dir='ltr'>ad</span> <span class='ocrx_word' id='word_1_284' title='bbox 607 3646 672 3726; x_wconf 94' lang='lat' dir='ltr'>Ap.</span> <span class='ocrx_word' id='word_1_285' title='bbox 689 3647 750 3708; x_wconf 92' lang='lat' dir='ltr'>Rh.</span> <span class='ocrx_word' id='word_1_286' title='bbox 766 3646 806 3710; x_wconf 91' lang='lat' dir='ltr'>II.</span> <span class='ocrx_word' id='word_1_287' title='bbox 829 3661 890 3724; x_wconf 88' lang='lat'>399</span> <span class='ocrx_word' id='word_1_288' title='bbox 913 3642 965 3726; x_wconf 90' lang='lat' dir='ltr'>(cl.</span> <span class='ocrx_word' id='word_1_289' title='bbox 983 3643 1183 3724; x_wconf 91' lang='lat' dir='ltr'>Lycophron</span> <span class='ocrx_word' id='word_1_290' title='bbox 1210 3659 1277 3723; x_wconf 90' lang='lat'>172,</span> <span class='ocrx_word' id='word_1_291' title='bbox 1304 3658 1382 3721; x_wconf 84' lang='lat'>1312</span> <span class='ocrx_word' id='word_1_292' title='bbox 1403 3661 1476 3703; x_wconf 93' lang='lat' dir='ltr'>cum</span> 
     </span>
     <span class='ocr_line' id='line_1_32' title="bbox 224 3745 1477 3832; baseline -0.006 -21"><span class='ocrx_word' id='word_1_293' title='bbox 224 3748 356 3829; x_wconf 76' lang='lat' dir='ltr'>scholi).</span> <span class='ocrx_word' id='word_1_294' title='bbox 392 3749 596 3832; x_wconf 84' lang='lat' dir='ltr'>Quamquam</span> <span class='ocrx_word' id='word_1_295' title='bbox 619 3752 713 3832; x_wconf 84' lang='lat' dir='ltr'>igitur</span> <span class='ocrx_word' id='word_1_296' title='bbox 735 3760 820 3813; x_wconf 87' lang='lat' dir='ltr'>certe</span> <span class='ocrx_word' id='word_1_297' title='bbox 836 3770 969 3830; x_wconf 88' lang='lat' dir='ltr'>parvam</span> <span class='ocrx_word' id='word_1_298' title='bbox 996 3749 1094 3810; x_wconf 90' lang='lat' dir='ltr'>modo</span> <span class='ocrx_word' id='word_1_299' title='bbox 1110 3747 1265 3828; x_wconf 91' lang='lat' dir='ltr'>Apolloni</span> <span class='ocrx_word' id='word_1_300' title='bbox 1283 3745 1477 3808; x_wconf 89' lang='lat' dir='ltr'>scholiorum</span> 
     </span>
     <span class='ocr_line' id='line_1_33' title="bbox 225 3840 1478 3934; baseline -0.005 -18"><span class='ocrx_word' id='word_1_301' title='bbox 225 3865 350 3934; x_wconf 90' lang='lat' dir='ltr'>partem</span> <span class='ocrx_word' id='word_1_302' title='bbox 373 3856 497 3918; x_wconf 88' lang='lat' dir='ltr'>Theoni</span> <span class='ocrx_word' id='word_1_303' title='bbox 526 3858 663 3919; x_wconf 92' lang='lat' dir='ltr'>tribuere</span> <span class='ocrx_word' id='word_1_304' title='bbox 687 3854 776 3927; x_wconf 91' lang='lat' dir='ltr'>licet,</span> <span class='ocrx_word' id='word_1_305' title='bbox 809 3864 917 3916; x_wconf 88' lang='lat' dir='ltr'>tamen</span> <span class='ocrx_word' id='word_1_306' title='bbox 939 3840 1142 3916; x_wconf 86' lang='lat' dir='ltr'>manifestum</span> <span class='ocrx_word' id='word_1_307' title='bbox 1170 3863 1227 3927; x_wconf 90' lang='lat' dir='ltr'>est,</span> <span class='ocrx_word' id='word_1_308' title='bbox 1259 3872 1332 3914; x_wconf 91' lang='lat' dir='ltr'>eum</span> <span class='ocrx_word' id='word_1_309' title='bbox 1361 3850 1478 3911; x_wconf 90' lang='lat' dir='ltr'>multas</span> 
     </span>
    </p>
   </div>
   <div class='ocr_carea' id='block_1_3' title="bbox 224 4041 1480 4462">
    <p class='ocr_par' dir='ltr' id='par_1_3' title="bbox 224 4041 1473 4200">
     <span class='ocr_line' id='line_1_34' title="bbox 313 4041 1473 4110; baseline -0.008 -12"><span class='ocrx_word' id='word_1_310' title='bbox 313 4043 359 4110; x_wconf 76' lang='grc'>111)</span> <span class='ocrx_word' id='word_1_311' title='bbox 376 4046 507 4097; x_wconf 87' lang='lat' dir='ltr'>Udalricus</span> <span class='ocrx_word' id='word_1_312' title='bbox 524 4049 556 4097; x_wconf 91' lang='lat' dir='ltr'>de</span> <span class='ocrx_word' id='word_1_313' title='bbox 574 4047 742 4096; x_wconf 87' lang='lat' dir='ltr'>Wilamowitz</span> <span class='ocrx_word' id='word_1_314' title='bbox 760 4046 847 4094; x_wconf 88' lang='lat' dir='ltr'>eadem</span> <span class='ocrx_word' id='word_1_315' title='bbox 861 4047 956 4095; x_wconf 89' lang='lat' dir='ltr'>ratione</span> <span class='ocrx_word' id='word_1_316' title='bbox 968 4045 1080 4094; x_wconf 85' lang='lat' dir='ltr'>Theonis</span> <span class='ocrx_word' id='word_1_317' title='bbox 1098 4044 1182 4108; x_wconf 89' lang='lat' dir='ltr'>copias</span> <span class='ocrx_word' id='word_1_318' title='bbox 1201 4041 1369 4105; x_wconf 84' lang='lat' dir='ltr'>investigandi</span> <span class='ocrx_word' id='word_1_319' title='bbox 1383 4043 1473 4090; x_wconf 87' lang='lat' dir='ltr'>utitur:</span> 
     </span>
     <span class='ocr_line' id='line_1_35' title="bbox 224 4132 1391 4200; baseline -0.003 -20"><span class='ocrx_word' id='word_1_320' title='bbox 224 4150 248 4183; x_wconf 89' lang='lat' dir='ltr'>v.</span> <span class='ocrx_word' id='word_1_321' title='bbox 270 4149 307 4182; x_wconf 90' lang='lat' dir='ltr'>ex.</span> <span class='ocrx_word' id='word_1_322' title='bbox 327 4151 363 4197; x_wconf 86' lang='lat' dir='ltr'>gr.</span> <span class='ocrx_word' id='word_1_323' title='bbox 382 4135 473 4198; x_wconf 90' lang='lat' dir='ltr'>Isyllos</span> <span class='ocrx_word' id='word_1_324' title='bbox 491 4152 541 4184; x_wconf 89' lang='lat' dir='ltr'>von</span> <span class='ocrx_word' id='word_1_325' title='bbox 560 4137 703 4200; x_wconf 87' lang='lat' dir='ltr'>Epidauros</span> <span class='ocrx_word' id='word_1_326' title='bbox 721 4151 746 4198; x_wconf 92' lang='lat' dir='ltr'>p.</span> <span class='ocrx_word' id='word_1_327' title='bbox 769 4145 814 4195; x_wconf 90' lang='lat'>177</span> <span class='ocrx_word' id='word_1_328' title='bbox 834 4150 859 4183; x_wconf 91' lang='lat' dir='ltr'>n.</span> <span class='ocrx_word' id='word_1_329' title='bbox 877 4147 919 4197; x_wconf 84' lang='lat'>33,</span> <span class='ocrx_word' id='word_1_330' title='bbox 939 4133 1082 4197; x_wconf 83' lang='lat' dir='ltr'>Antigonus</span> <span class='ocrx_word' id='word_1_331' title='bbox 1100 4147 1151 4179; x_wconf 91' lang='lat' dir='ltr'>von</span> <span class='ocrx_word' id='word_1_332' title='bbox 1170 4132 1288 4194; x_wconf 88' lang='lat' dir='ltr'>Carystus</span> <span class='ocrx_word' id='word_1_333' title='bbox 1306 4147 1331 4195; x_wconf 94' lang='lat' dir='ltr'>p.</span> <span class='ocrx_word' id='word_1_334' title='bbox 1352 4141 1391 4191; x_wconf 89' lang='lat'>70.</span> 
     </span>
    </p>

    <p class='ocr_par' dir='ltr' id='par_1_4' title="bbox 226 4215 1480 4462">
     <span class='ocr_line' id='line_1_36' title="bbox 311 4215 1477 4287; baseline -0.003 -17"><span class='ocrx_word' id='word_1_335' title='bbox 311 4218 359 4287; x_wconf 73' lang='lat'>¹¹⁶)</span> <span class='ocrx_word' id='word_1_336' title='bbox 379 4224 494 4272; x_wconf 85' lang='lat' dir='ltr'>Fortasse</span> <span class='ocrx_word' id='word_1_337' title='bbox 513 4241 527 4271; x_wconf 88' lang='lat' dir='ltr'>a</span> <span class='ocrx_word' id='word_1_338' title='bbox 545 4225 650 4272; x_wconf 89' lang='lat' dir='ltr'>Theone</span> <span class='ocrx_word' id='word_1_339' title='bbox 677 4223 801 4286; x_wconf 86' lang='lat' dir='ltr'>adscripta</span> <span class='ocrx_word' id='word_1_340' title='bbox 827 4231 885 4270; x_wconf 90' lang='lat' dir='ltr'>sunt</span> <span class='ocrx_word' id='word_1_341' title='bbox 903 4222 978 4270; x_wconf 87' lang='lat' dir='ltr'>etiam</span> <span class='ocrx_word' id='word_1_342' title='bbox 1006 4221 1128 4270; x_wconf 91' lang='lat' dir='ltr'>scholium</span> <span class='ocrx_word' id='word_1_343' title='bbox 1154 4223 1203 4285; x_wconf 88' lang='lat' dir='ltr'>Ap.</span> <span class='ocrx_word' id='word_1_344' title='bbox 1222 4221 1273 4268; x_wconf 89' lang='lat' dir='ltr'>Rh.</span> <span class='ocrx_word' id='word_1_345' title='bbox 1293 4219 1339 4268; x_wconf 92' lang='lat' dir='ltr'>IV.</span> <span class='ocrx_word' id='word_1_346' title='bbox 1358 4218 1417 4278; x_wconf 86' lang='lat'>814,</span> <span class='ocrx_word' id='word_1_347' title='bbox 1444 4215 1477 4266; x_wconf 86' lang='lat' dir='ltr'>cf.</span> 
     </span>
     <span class='ocr_line' id='line_1_37' title="bbox 226 4306 1480 4375; baseline -0.003 -17"><span class='ocrx_word' id='word_1_348' title='bbox 226 4310 352 4375; x_wconf 86' lang='lat' dir='ltr'>Lycophr.</span> <span class='ocrx_word' id='word_1_349' title='bbox 374 4324 430 4373; x_wconf 88' lang='lat'>174,</span> <span class='ocrx_word' id='word_1_350' title='bbox 451 4319 475 4359; x_wconf 94' lang='lat' dir='ltr'>et</span> <span class='ocrx_word' id='word_1_351' title='bbox 493 4311 572 4360; x_wconf 90' lang='lat' dir='ltr'>schol.</span> <span class='ocrx_word' id='word_1_352' title='bbox 602 4312 634 4359; x_wconf 92' lang='lat' dir='ltr'>de</span> <span class='ocrx_word' id='word_1_353' title='bbox 660 4311 760 4359; x_wconf 88' lang='lat' dir='ltr'>Achille</span> <span class='ocrx_word' id='word_1_354' title='bbox 787 4310 813 4358; x_wconf 91' lang='lat' dir='ltr'>ln</span> <span class='ocrx_word' id='word_1_355' title='bbox 840 4309 933 4373; x_wconf 90' lang='lat' dir='ltr'>Elysiis</span> <span class='ocrx_word' id='word_1_356' title='bbox 957 4309 1051 4373; x_wconf 73' lang='lat' dir='ltr'>cample</span> <span class='ocrx_word' id='word_1_357' title='bbox 1075 4309 1180 4357; x_wconf 88' lang='lat' dir='ltr'>Medeae</span> <span class='ocrx_word' id='word_1_358' title='bbox 1204 4307 1301 4365; x_wconf 86' lang='lat' dir='ltr'>marito,</span> <span class='ocrx_word' id='word_1_359' title='bbox 1326 4306 1405 4355; x_wconf 90' lang='lat' dir='ltr'>schol.</span> <span class='ocrx_word' id='word_1_360' title='bbox 1431 4307 1480 4368; x_wconf 88' lang='lat' dir='ltr'>Ap.</span> 
     </span>
     <span class='ocr_line' id='line_1_38' title="bbox 227 4396 1289 4462; baseline 0.001 -19"><span class='ocrx_word' id='word_1_361' title='bbox 227 4397 277 4445; x_wconf 90' lang='lat' dir='ltr'>Rh.</span> <span class='ocrx_word' id='word_1_362' title='bbox 299 4400 319 4448; x_wconf 93' lang='grc' dir='ltr'>Ι.</span> <span class='ocrx_word' id='word_1_363' title='bbox 338 4401 388 4460; x_wconf 86' lang='lat'>916</span> <span class='ocrx_word' id='word_1_364' title='bbox 408 4397 494 4447; x_wconf 86' lang='lat' dir='ltr'>confer</span> <span class='ocrx_word' id='word_1_365' title='bbox 512 4414 568 4446; x_wconf 89' lang='lat' dir='ltr'>cum</span> <span class='ocrx_word' id='word_1_366' title='bbox 587 4399 712 4462; x_wconf 90' lang='lat' dir='ltr'>Lycophr.</span> <span class='ocrx_word' id='word_1_367' title='bbox 733 4410 763 4461; x_wconf 88' lang='lat'>73</span> <span class='ocrx_word' id='word_1_368' title='bbox 783 4409 808 4447; x_wconf 91' lang='lat' dir='ltr'>et</span> <span class='ocrx_word' id='word_1_369' title='bbox 827 4411 875 4460; x_wconf 88' lang='lat'>219</span> <span class='ocrx_word' id='word_1_370' title='bbox 896 4413 953 4446; x_wconf 91' lang='lat' dir='ltr'>cum</span> <span class='ocrx_word' id='word_1_371' title='bbox 972 4397 1050 4446; x_wconf 91' lang='lat' dir='ltr'>schol.</span> <span class='ocrx_word' id='word_1_372' title='bbox 1069 4398 1100 4446; x_wconf 87' lang='lat' dir='ltr'>de</span> <span class='ocrx_word' id='word_1_373' title='bbox 1118 4396 1289 4446; x_wconf 83' lang='lat' dir='ltr'>Samothraca.</span> 
     </span>
    </p>
   </div>
   <div class='ocr_carea' id='block_1_4' title="bbox 0 0 1712 5228">
    <p class='ocr_par' dir='ltr' id='par_1_5' title="bbox 0 0 1712 5228">
     <span class='ocr_line' id='line_1_39' title="bbox 0 0 1712 5228; baseline 0 0"><span class='ocrx_word' id='word_1_374' title='bbox 0 0 1712 5228; x_wconf 95' lang='lat' dir='ltr'> </span> 
     </span>
    </p>
   </div>
  </div>
 </body>
</html>
