3382 5228
739 458 949 535 ..89-

218 631 317 691 dorus
347 648 411 690 non
442 627 540 688 modo
564 626 719 707 Apolloni
748 646 875 700 nomen,
899 645 972 687 cum
995 627 1208 688 narrationem
1230 625 1351 686 Iasonis
1378 645 1473 706 expe·

216 734 343 795 ditionis
366 733 491 813 incipit,
522 753 586 793 non
609 730 747 813 profert,
771 732 828 793 sed
851 732 947 793 etiam
969 752 999 813 p.
1024 749 1058 811 31
1085 732 1104 794 l.
1132 747 1168 792 12
1195 733 1234 792 de
1255 730 1472 810 Harpyiarum

216 837 292 918 fuga
318 839 384 899 eius
414 838 638 899 auctoritatem
661 835 769 908 affert,
801 836 890 919 quasi
921 838 961 898 ad
992 857 1065 898 eum
1095 838 1226 898 omnino
1248 835 1323 896 nihil
1347 842 1474 915 praeter

216 942 303 1004 illam
324 923 565 1005 adnotationem
589 942 756 1023 pertineat.
790 942 887 1004 Adde
907 942 1003 1003 haec:
1027 942 1163 1003 Duobus
1180 940 1257 1002 locis
1279 938 1473 1020 Apollonius

217 1048 363 1110 Rhodius
392 1047 470 1109 latet
500 1047 559 1109 sub
590 1047 694 1108 verbis
716 1046 927 1126 Apollodori:
961 1044 1005 1106 »ol
1031 1045 1103 1125 piu«
1136 1055 1192 1108 aut
1215 1041 1340 1106 »i'vrow
1372 1064 1403 1125 p.
1434 1060 1474 1122 30

218 1153 238 1216 l.
269 1171 314 1229 14,
343 1167 376 1231 15
403 1182 444 1205 =
466 1152 532 1233 Ap.
560 1150 803 1227 Rh.IV.1641
830 1171 893 1231 sq.,
931 1151 1086 1232 1669109).
1130 1152 1243 1231 Itaque
1271 1149 1312 1210 de
1339 1149 1473 1229 Apollo·

216 1260 297 1320 doro
321 1258 477 1340 Apolloni
500 1257 628 1320 scholiis
651 1277 709 1318 uso
746 1258 830 1318 idem
853 1257 1047 1337 accipiamus
1070 1278 1200 1319 necesse
1223 1267 1286 1333 est,
1319 1261 1406 1338 quod
1434 1261 1473 1321 de

217 1363 351 1444 Hygino
375 1365 442 1445 ipse
466 1362 637 1424 Eduardus
655 1360 819 1423 Schwartz
841 1362 1131 1443 pronuntiavit110),
1155 1373 1252 1445 atque
1269 1366 1474 1426 statuendum

218 1479 287 1544 est,
332 1468 546 1530 bibliothecae
587 1476 752 1529 auctorem
785 1467 1004 1548 Argonautica
1039 1487 1056 1528 e
1100 1470 1292 1548 compendio
1330 1471 1474 1550 quodam

216 1574 440 1654 descripsisse,
485 1574 517 1635 in
551 1593 616 1652 quo
647 1572 802 1653 Apolloni
842 1572 949 1633 Rhodi
980 1583 1203 1653 argumentum
1239 1575 1373 1637 relatum
1407 1584 1475 1637 erat

217 1680 332 1741 additis
362 1678 539 1741 fabularum
575 1679 794 1758 discrepantiis
824 1686 921 1756 atque
956 1698 1030 1739 cum
1061 1677 1115 1739 illo
1148 1679 1284 1741 Medeae
1318 1689 1350 1741 et
1386 1681 1473 1743 Medi

216 1783 270 1846 filii
293 1783 419 1846 fabulae
442 1793 532 1846 erant
554 1784 750 1845 coniunctae.

302 1906 414 1986 Atque
430 1909 455 1968 si
481 1927 528 1981 ea,
553 1926 634 1986 quae
650 1906 828 1968 Diodorum
843 1905 980 1985 Dionysi
1000 1907 1161 1987 epitomae
1177 1908 1303 1970 aliunde
1320 1909 1473 1971 adiecisse

217 2013 363 2085 vidimus,
387 2012 627 2092 perlustramus
651 2012 794 2091 adparet,
819 2031 892 2071 eum
921 2033 939 2072 e
965 2012 1046 2073 libro
1062 2013 1204 2090 quodam
1219 2013 1272 2074 illa
1287 2014 1471 2093 sumpsisse,

216 2118 271 2196 qui
294 2118 403 2178 itidem
426 2116 689 2198 Argonautarum
717 2116 912 2196 expeditioni
935 2117 1132 2179 adnexuerat
1155 2116 1278 2180 fabulas
1301 2119 1341 2178 de
1369 2117 1473 2179 Peliae

171 2257 176 2266 .
217 2231 330 2295 morte,
355 2223 395 2283 de
411 2221 546 2284 Medeae
562 2221 752 2283 facinoribus
768 2241 870 2301 usque
886 2222 926 2282 ad
943 2221 1078 2283 Medeae
1101 2222 1132 2282 in
1147 2221 1262 2284 Asiam
1283 2223 1419 2284 reditum
1442 2232 1475 2284 et

215 2328 258 2388 ad
278 2327 410 2388 Medum
435 2326 535 2389 Asiae
558 2348 667 2408 regem
689 2327 817 2388 factum.
852 2325 941 2386 Idem
958 2325 1092 2387 Diodori
1115 2336 1227 2389 auctor
1254 2329 1350 2390 etiam
1365 2328 1473 2389 Phrixi

218 2431 359 2494 fabulam
387 2433 534 2512 praebuit
563 2435 602 2512 (c.
624 2448 665 2512 47
689 2434 709 2510 ξ
738 2448 761 2503 1,
784 2432 830 2512 2),
861 2450 958 2509 quarn
988 2452 1007 2492 a
1031 2430 1307 2511 Scytobra'chione
1337 2433 1474 2495 alienam

218 2558 292 2599 curn
326 2537 532 2618 Apollodoro
562 2538 741 2598 consentire
771 2557 866 2616 supra
896 2538 1086 2599 monuimus.
1132 2538 1243 2620 Atque
1277 2557 1473 2618 quamquam

220 2663 340 2724 paucas
376 2645 475 2704 modo
505 2643 729 2704 adnotationes
759 2663 801 2703 ex
828 2641 882 2703 illo
911 2643 1103 2722 compendio
1129 2642 1293 2704 Diodorus
1327 2644 1474 2717 servavit,

219 2757 328 2810 tamen
351 2748 502 2810 nonnulla
518 2748 673 2829 Apolloni
697 2748 832 2828 vestigia
847 2747 877 2807 in
905 2747 949 2807 eis
965 2748 1254 2826 deprehenduntur.
1288 2748 1372 2810 Nam
1393 2749 1475 2810 sicut

222 2852 418 2933 Apollonius
441 2854 464 2916 I.
493 2871 571 2931 1240
594 2874 641 2934 sq.
657 2854 821 2915 Diodorus
844 2861 959 2926 narrat,
976 2852 1149 2915 Herculem
1173 2855 1203 2914 in
1216 2852 1298 2914 Asia
1312 2853 1353 2914 ab
1370 2852 1475 2934 Argo-

221 2959 323 3020 nautis
353 2980 423 3021 esse
454 2960 615 3035 relictum;
647 2979 777 3020 causam
811 2967 918 3018 autem
952 2957 1047 3019 aliam
1076 2966 1173 3039 atque
1202 2968 1301 3038 poeta
1335 2957 1472 3038 profert:

220 3065 394 3126 Herculem
421 3074 455 3126 ut
483 3085 600 3144 aquam
629 3073 770 3145 peteret,
803 3063 927 3129 abiisse.
980 3062 1089 3144 Quare
1117 3064 1177 3125 Ed.
1207 3061 1369 3125 Schwartz
1398 3084 1430 3143 p.
1456 3077 1472 3139 3

222 3168 363 3231 fabulam
394 3169 589 3232 Hesiodeam
619 3173 661 3250 (v.
684 3168 784 3230 schol.
809 3168 874 3248 Ap.
896 3167 957 3229 Rh.
980 3173 1003 3228 I.
1033 3170 1128 3248 1178,
1165 3169 1254 3249 1281)
1285 3167 1371 3248 apud
1400 3166 1475 3227 Dio·

221 3276 336 3336 dorum
364 3273 423 3335 sibi
453 3275 661 3355 investigasse
683 3276 808 3336 videtur·
829 3274 1002 3346 adnotans,
1034 3274 1108 3335 nihil
1130 3275 1253 3348 valere,
1286 3273 1373 3353 quod
1396 3271 1474 3332 Dio-

221 3380 319 3441 dorus
339 3388 371 3441 et
393 3381 517 3442 Pindari
540 3381 712 3442 scholiasta
733 3379 827 3459 Pyth.
850 3377 908 3439 IV.
934 3394 993 3457 303
1017 3399 1076 3460 pro
1099 3380 1265 3461 Magnesia
1289 3376 1475 3440 Thessaliae

223 3485 389 3565 vulgarem
412 3484 553 3548 fabulam
584 3487 684 3547 secuti
708 3486 849 3565 Mysiam
872 3486 1081 3564 reposuerint.
1125 3485 1173 3547 At
1194 3506 1234 3546 ne
1257 3483 1398 3557 afferam,
1423 3502 1475 3543 me

222 3591 337 3651 eodem
368 3591 434 3652 iure
464 3592 568 3652 dicere
599 3611 711 3671 posse,
744 3590 923 3652 Diodorum
946 3590 1159 3671 Apollonium
1186 3597 1331 3652 secutum
1354 3606 1477 3649 errasse

222 3698 321 3758 modo
345 3697 375 3757 in
398 3717 446 3769 e0,
479 3697 565 3776 quod
589 3716 653 3757 non
681 3695 846 3770 Hercules
871 3696 927 3757 sed
951 3696 1056 3776 Hylas
1079 3705 1231 3776 aquatum
1254 3694 1374 3769 abierit,
1405 3712 1476 3774 pro·

308 3989 356 4057 1⁰⁹)
375 4010 400 4042 v.
420 3994 469 4041 Ed.
487 3993 627 4044 Schwartz:
654 3993 686 4040 de
713 3992 838 4055 Dionysio
865 3991 1078 4055 Scytobrachione
1096 4008 1122 4055 p.
1144 4000 1172 4054 15
1197 4007 1224 4039 n.
1245 4004 1269 4049 2,
1295 3991 1338 4055 qui
1363 3988 1474 4054 quidem,

223 4081 351 4144 quomodo
365 4080 413 4128 hoc
431 4080 549 4144 explicari
567 4081 654 4145 possit,
676 4096 727 4128 non
745 4080 813 4130 dicit.

309 4165 357 4231 ¹¹⁰)
376 4185 402 4232 p.
421 4182 455 4228 24
472 4169 503 4216 de
516 4168 623 4231 Dionys.
636 4168 751 4230 Scytobr.
772 4167 833 4216 dicit
850 4168 983 4216 Eduardus
1002 4168 1140 4218 Schwartz:
1165 4167 1311 4230 »Hyginum
1329 4183 1381 4215 non
1393 4167 1476 4230 ipsum

224 4273 323 4306 carmen
342 4256 465 4320 Apolloni
483 4258 598 4306 manibus
617 4256 721 4315 trivisse,
748 4257 791 4304 sed
810 4266 958 4320 argumenta
971 4272 1027 4304 cum
1045 4256 1146 4305 scholiis
1164 4255 1298 4304 commixta
1316 4253 1475 4317 compilasse,

223 4361 304 4410 pauca
322 4345 393 4409 quasi
411 4345 559 4394 narrationis
576 4345 673 4393 lumina
688 4352 762 4408 atque
783 4352 928 4393 ornamenta
946 4345 977 4393 de
991 4360 1036 4392 suo
1055 4344 1133 4408 ipsius
1151 4343 1253 4406 ingenio
1271 4341 1477 4390 admiscuisse...

224 4434 275 4482 veri
295 4433 375 4483 multo
394 4435 492 4483 videtur
510 4433 639 4482 similius«
