<?xml version="1.0" encoding="UTF-8"?>
<!DOCTYPE html PUBLIC "-//W3C//DTD XHTML 1.0 Transitional//EN"
    "http://www.w3.org/TR/xhtml1/DTD/xhtml1-transitional.dtd">
<html xmlns="http://www.w3.org/1999/xhtml" xml:lang="en" lang="en">
 <head>
  <title>
</title>
<meta http-equiv="Content-Type" content="text/html;charset=utf-8" />
  <meta name='ocr-system' content='tesseract 3.04.00' />
  <meta name='ocr-capabilities' content='ocr_page ocr_carea ocr_par ocr_line ocrx_word'/>
</head>
<body>
  <div class='ocr_page' id='page_1' title='image "./quaestionesdiod00bethgoog_0042.png"; bbox 0 0 3382 5228; ppageno 0'>
   <div class='ocr_carea' id='block_1_1' title="bbox 743 431 952 491">
    <p class='ocr_par' dir='ltr' id='par_1_1' title="bbox 743 431 952 491">
     <span class='ocr_line' id='line_1_1' title="bbox 743 431 952 491; baseline 0.014 -32"><span class='ocrx_word' id='word_1_1' title='bbox 743 431 952 491; x_wconf 63' lang='lat'>-4„.</span> 
     </span>
    </p>
   </div>
   <div class='ocr_carea' id='block_1_2' title="bbox 219 582 1487 1612">
    <p class='ocr_par' dir='ltr' id='par_1_2' title="bbox 219 582 1479 754">
     <span class='ocr_line' id='line_1_2' title="bbox 220 582 1479 666; baseline 0.002 -22"><span class='ocrx_word' id='word_1_2' title='bbox 220 582 356 645; x_wconf 89' lang='lat' dir='ltr'>Timaeo</span> <span class='ocrx_word' id='word_1_3' title='bbox 389 584 604 665; x_wconf 88' lang='lat' dir='ltr'>descripsisse.</span> <span class='ocrx_word' id='word_1_4' title='bbox 662 582 814 646; x_wconf 89' lang='lat' dir='ltr'>Ceterum</span> <span class='ocrx_word' id='word_1_5' title='bbox 848 604 876 653; x_wconf 80' lang='lat' dir='ltr'>c,</span> <span class='ocrx_word' id='word_1_6' title='bbox 906 586 942 646; x_wconf 90' lang='lat'>81</span> <span class='ocrx_word' id='word_1_7' title='bbox 981 586 1001 663; x_wconf 56' lang='grc' dir='ltr'><em>ᾖ</em></span> <span class='ocrx_word' id='word_1_8' title='bbox 1035 599 1050 663; x_wconf 84' lang='grc'>5</span> <span class='ocrx_word' id='word_1_9' title='bbox 1084 592 1118 645; x_wconf 91' lang='lat' dir='ltr'>et</span> <span class='ocrx_word' id='word_1_10' title='bbox 1149 605 1176 646; x_wconf 92' lang='lat' dir='ltr'>c.</span> <span class='ocrx_word' id='word_1_11' title='bbox 1205 586 1244 646; x_wconf 91' lang='lat'>82</span> <span class='ocrx_word' id='word_1_12' title='bbox 1279 587 1299 663; x_wconf 61' lang='grc' dir='ltr'><strong>ξ</strong></span> <span class='ocrx_word' id='word_1_13' title='bbox 1323 601 1339 663; x_wconf 87' lang='lat'>3</span> <span class='ocrx_word' id='word_1_14' title='bbox 1373 585 1479 666; x_wconf 89' lang='lat' dir='ltr'>ipsum</span> 
     </span>
     <span class='ocr_line' id='line_1_3' title="bbox 219 687 721 754; baseline 0.008 -5"><span class='ocrx_word' id='word_1_15' title='bbox 219 688 402 750; x_wconf 92' lang='lat' dir='ltr'>Diodorum</span> <span class='ocrx_word' id='word_1_16' title='bbox 424 687 584 750; x_wconf 86' lang='lat' dir='ltr'>addidisse</span> <span class='ocrx_word' id='word_1_17' title='bbox 608 688 721 754; x_wconf 89' lang='lat' dir='ltr'>elucet.</span> 
     </span>
    </p>

    <p class='ocr_par' dir='ltr' id='par_1_3' title="bbox 219 791 1487 1612">
     <span class='ocr_line' id='line_1_4' title="bbox 309 791 1481 876; baseline 0.001 -20"><span class='ocrx_word' id='word_1_18' title='bbox 309 793 434 856; x_wconf 92' lang='lat' dir='ltr'>Ultimo</span> <span class='ocrx_word' id='word_1_19' title='bbox 465 793 534 855; x_wconf 88' lang='lat' dir='ltr'>libri</span> <span class='ocrx_word' id='word_1_20' title='bbox 556 792 605 854; x_wconf 92' lang='lat' dir='ltr'>IV</span> <span class='ocrx_word' id='word_1_21' title='bbox 637 795 743 876; x_wconf 86' lang='lat' dir='ltr'>capite</span> <span class='ocrx_word' id='word_1_22' title='bbox 772 796 813 856; x_wconf 91' lang='lat' dir='ltr'>de</span> <span class='ocrx_word' id='word_1_23' title='bbox 837 792 958 857; x_wconf 90' lang='lat' dir='ltr'>Orione</span> <span class='ocrx_word' id='word_1_24' title='bbox 987 791 1083 855; x_wconf 88' lang='lat' dir='ltr'>refert</span> <span class='ocrx_word' id='word_1_25' title='bbox 1112 793 1250 875; x_wconf 85' lang='lat' dir='ltr'>scriptor</span> <span class='ocrx_word' id='word_1_26' title='bbox 1272 791 1415 856; x_wconf 90' lang='lat' dir='ltr'>Siculum</span> <span class='ocrx_word' id='word_1_27' title='bbox 1445 804 1481 857; x_wconf 93' lang='lat' dir='ltr'>ut</span> 
     </span>
     <span class='ocr_line' id='line_1_5' title="bbox 219 898 1482 981; baseline -0.002 -18"><span class='ocrx_word' id='word_1_28' title='bbox 219 901 347 963; x_wconf 91' lang='lat' dir='ltr'>videtur</span> <span class='ocrx_word' id='word_1_29' title='bbox 379 907 545 960; x_wconf 84' lang='lat' dir='ltr'>auctorem</span> <span class='ocrx_word' id='word_1_30' title='bbox 581 909 718 962; x_wconf 90' lang='lat' dir='ltr'>secutus.</span> <span class='ocrx_word' id='word_1_31' title='bbox 767 900 883 981; x_wconf 89' lang='lat' dir='ltr'>Neque</span> <span class='ocrx_word' id='word_1_32' title='bbox 917 898 984 961; x_wconf 91' lang='lat' dir='ltr'>veri</span> <span class='ocrx_word' id='word_1_33' title='bbox 1017 907 1066 960; x_wconf 90' lang='lat' dir='ltr'>est</span> <span class='ocrx_word' id='word_1_34' title='bbox 1094 898 1255 973; x_wconf 86' lang='lat' dir='ltr'>dissimile,</span> <span class='ocrx_word' id='word_1_35' title='bbox 1287 899 1384 961; x_wconf 91' lang='lat' dir='ltr'>etiam</span> <span class='ocrx_word' id='word_1_36' title='bbox 1419 898 1482 961; x_wconf 92' lang='lat' dir='ltr'>hoc</span> 
     </span>
     <span class='ocr_line' id='line_1_6' title="bbox 219 1003 1480 1087; baseline -0.002 -19"><span class='ocrx_word' id='word_1_37' title='bbox 219 1015 318 1086; x_wconf 91' lang='lat' dir='ltr'>caput</span> <span class='ocrx_word' id='word_1_38' title='bbox 340 1004 381 1066; x_wconf 91' lang='lat' dir='ltr'>ad</span> <span class='ocrx_word' id='word_1_39' title='bbox 398 1003 569 1066; x_wconf 91' lang='lat' dir='ltr'>Timaeum</span> <span class='ocrx_word' id='word_1_40' title='bbox 596 1007 765 1087; x_wconf 88' lang='lat' dir='ltr'>pertinere.</span> <span class='ocrx_word' id='word_1_41' title='bbox 810 1004 895 1066; x_wconf 91' lang='lat' dir='ltr'>Nam</span> <span class='ocrx_word' id='word_1_42' title='bbox 910 1003 1090 1066; x_wconf 91' lang='lat' dir='ltr'>Diodorum</span> <span class='ocrx_word' id='word_1_43' title='bbox 1114 1013 1155 1079; x_wconf 90' lang='lat' dir='ltr'>et,</span> <span class='ocrx_word' id='word_1_44' title='bbox 1179 1024 1263 1086; x_wconf 90' lang='lat' dir='ltr'>quae</span> <span class='ocrx_word' id='word_1_45' title='bbox 1279 1004 1480 1077; x_wconf 90' lang='lat' dir='ltr'>antecedunt,</span> 
     </span>
     <span class='ocr_line' id='line_1_7' title="bbox 222 1108 1482 1190; baseline -0.002 -18"><span class='ocrx_word' id='word_1_46' title='bbox 222 1109 346 1172; x_wconf 84' lang='lat' dir='ltr'>fabulas</span> <span class='ocrx_word' id='word_1_47' title='bbox 376 1109 417 1170; x_wconf 89' lang='lat' dir='ltr'>de</span> <span class='ocrx_word' id='word_1_48' title='bbox 444 1109 552 1190; x_wconf 89' lang='lat' dir='ltr'>Eryce</span> <span class='ocrx_word' id='word_1_49' title='bbox 588 1119 621 1172; x_wconf 92' lang='lat' dir='ltr'>et</span> <span class='ocrx_word' id='word_1_50' title='bbox 649 1109 823 1190; x_wconf 87' lang='lat' dir='ltr'>Daphnide</span> <span class='ocrx_word' id='word_1_51' title='bbox 852 1128 895 1170; x_wconf 92' lang='lat' dir='ltr'>ex</span> <span class='ocrx_word' id='word_1_52' title='bbox 922 1108 1004 1171; x_wconf 94' lang='lat' dir='ltr'>illius</span> <span class='ocrx_word' id='word_1_53' title='bbox 1033 1108 1190 1170; x_wconf 84' lang='lat' dir='ltr'>thesauris</span> <span class='ocrx_word' id='word_1_54' title='bbox 1219 1108 1279 1170; x_wconf 92' lang='lat' dir='ltr'>sibi</span> <span class='ocrx_word' id='word_1_55' title='bbox 1307 1108 1482 1189; x_wconf 86' lang='lat' dir='ltr'>sumpsisse</span> 
     </span>
     <span class='ocr_line' id='line_1_8' title="bbox 221 1212 1481 1296; baseline -0.002 -19"><span class='ocrx_word' id='word_1_56' title='bbox 221 1214 449 1289; x_wconf 72' lang='lat' dir='ltr'>intelleximus</span> <span class='ocrx_word' id='word_1_57' title='bbox 476 1223 518 1289; x_wconf 93' lang='lat' dir='ltr'>et,</span> <span class='ocrx_word' id='word_1_58' title='bbox 545 1234 628 1294; x_wconf 89' lang='lat' dir='ltr'>quae</span> <span class='ocrx_word' id='word_1_59' title='bbox 651 1214 721 1276; x_wconf 92' lang='lat' dir='ltr'>libri</span> <span class='ocrx_word' id='word_1_60' title='bbox 743 1213 776 1275; x_wconf 86' lang='lat' dir='ltr'>V</span> <span class='ocrx_word' id='word_1_61' title='bbox 799 1214 887 1276; x_wconf 92' lang='lat' dir='ltr'>initio</span> <span class='ocrx_word' id='word_1_62' title='bbox 909 1215 1061 1296; x_wconf 88' lang='lat' dir='ltr'>sequitur,</span> <span class='ocrx_word' id='word_1_63' title='bbox 1085 1212 1210 1276; x_wconf 88' lang='lat' dir='ltr'>Siciliae</span> <span class='ocrx_word' id='word_1_64' title='bbox 1234 1214 1481 1295; x_wconf 91' lang='lat' dir='ltr'>descriptionem</span> 
     </span>
     <span class='ocr_line' id='line_1_9' title="bbox 223 1317 1487 1401; baseline -0.002 -19"><span class='ocrx_word' id='word_1_65' title='bbox 223 1341 267 1382; x_wconf 90' lang='lat' dir='ltr'>ex</span> <span class='ocrx_word' id='word_1_66' title='bbox 304 1319 448 1381; x_wconf 89' lang='lat' dir='ltr'>eiusdem</span> <span class='ocrx_word' id='word_1_67' title='bbox 487 1318 628 1381; x_wconf 89' lang='lat' dir='ltr'>historici</span> <span class='ocrx_word' id='word_1_68' title='bbox 667 1340 765 1401; x_wconf 90' lang='lat' dir='ltr'>opere</span> <span class='ocrx_word' id='word_1_69' title='bbox 802 1327 989 1399; x_wconf 88' lang='lat' dir='ltr'>excerptam</span> <span class='ocrx_word' id='word_1_70' title='bbox 1025 1339 1095 1381; x_wconf 91' lang='lat' dir='ltr'>esse</span> <span class='ocrx_word' id='word_1_71' title='bbox 1128 1317 1263 1380; x_wconf 89' lang='lat' dir='ltr'>Carolus</span> <span class='ocrx_word' id='word_1_72' title='bbox 1291 1317 1487 1381; x_wconf 78' lang='lat' dir='ltr'>Mullenhofs</span> 
     </span>
     <span class='ocr_line' id='line_1_10' title="bbox 224 1422 1482 1506; baseline -0.003 -19"><span class='ocrx_word' id='word_1_73' title='bbox 224 1425 403 1487; x_wconf 87' lang='lat' dir='ltr'>luculenter</span> <span class='ocrx_word' id='word_1_74' title='bbox 425 1424 667 1487; x_wconf 83' lang='lat' dir='ltr'>demonstravit.</span> <span class='ocrx_word' id='word_1_75' title='bbox 712 1425 826 1506; x_wconf 88' lang='lat' dir='ltr'>Itaque</span> <span class='ocrx_word' id='word_1_76' title='bbox 854 1423 875 1485; x_wconf 90' lang='lat' dir='ltr'>l.</span> <span class='ocrx_word' id='word_1_77' title='bbox 898 1423 947 1486; x_wconf 92' lang='lat' dir='ltr'>IV</span> <span class='ocrx_word' id='word_1_78' title='bbox 972 1432 1071 1505; x_wconf 91' lang='lat' dir='ltr'>caput</span> <span class='ocrx_word' id='word_1_79' title='bbox 1093 1424 1150 1502; x_wconf 84' lang='lat'>85,</span> <span class='ocrx_word' id='word_1_80' title='bbox 1180 1422 1268 1504; x_wconf 93' lang='lat' dir='ltr'>quod</span> <span class='ocrx_word' id='word_1_81' title='bbox 1296 1422 1405 1484; x_wconf 92' lang='lat' dir='ltr'>itidem</span> <span class='ocrx_word' id='word_1_82' title='bbox 1427 1423 1482 1484; x_wconf 91' lang='lat' dir='ltr'>im-</span> 
     </span>
     <span class='ocr_line' id='line_1_11' title="bbox 220 1527 1480 1612; baseline -0.001 -21"><span class='ocrx_word' id='word_1_83' title='bbox 220 1530 334 1612; x_wconf 92' lang='lat' dir='ltr'>primis</span> <span class='ocrx_word' id='word_1_84' title='bbox 356 1530 398 1590; x_wconf 94' lang='lat' dir='ltr'>de</span> <span class='ocrx_word' id='word_1_85' title='bbox 421 1528 516 1590; x_wconf 89' lang='lat' dir='ltr'>rebus</span> <span class='ocrx_word' id='word_1_86' title='bbox 538 1527 657 1592; x_wconf 84' lang='lat' dir='ltr'>Siculis</span> <span class='ocrx_word' id='word_1_87' title='bbox 679 1530 761 1610; x_wconf 84' lang='lat' dir='ltr'>agit,</span> <span class='ocrx_word' id='word_1_88' title='bbox 792 1529 897 1591; x_wconf 91' lang='lat' dir='ltr'>solum</span> <span class='ocrx_word' id='word_1_89' title='bbox 921 1549 964 1591; x_wconf 91' lang='lat' dir='ltr'>ex</span> <span class='ocrx_word' id='word_1_90' title='bbox 984 1529 1048 1591; x_wconf 94' lang='lat' dir='ltr'>alio</span> <span class='ocrx_word' id='word_1_91' title='bbox 1071 1527 1159 1590; x_wconf 88' lang='lat' dir='ltr'>fonte</span> <span class='ocrx_word' id='word_1_92' title='bbox 1182 1537 1279 1608; x_wconf 92' lang='lat' dir='ltr'>atque</span> <span class='ocrx_word' id='word_1_93' title='bbox 1302 1549 1320 1589; x_wconf 90' lang='lat' dir='ltr'>e</span> <span class='ocrx_word' id='word_1_94' title='bbox 1345 1527 1480 1590; x_wconf 91' lang='lat' dir='ltr'>Timaeo</span> 
     </span>
    </p>
   </div>
   <div class='ocr_carea' id='block_1_3' title="bbox 65 1632 1475 1713">
    <p class='ocr_par' dir='ltr' id='par_1_4' title="bbox 65 1632 1475 1713">
     <span class='ocr_line' id='line_1_12' title="bbox 65 1632 1475 1713; baseline -0.001 -18"><span class='ocrx_word' id='word_1_95' title='bbox 65 1636 67 1643; x_wconf 82' lang='lat'>&#39;</span> <span class='ocrx_word' id='word_1_96' title='bbox 131 1691 137 1702; x_wconf 89' lang='grc'>,</span> <span class='ocrx_word' id='word_1_97' title='bbox 220 1653 371 1696; x_wconf 88' lang='lat' dir='ltr'>manasse</span> <span class='ocrx_word' id='word_1_98' title='bbox 394 1653 458 1694; x_wconf 94' lang='lat' dir='ltr'>non</span> <span class='ocrx_word' id='word_1_99' title='bbox 481 1643 530 1696; x_wconf 89' lang='lat' dir='ltr'>est</span> <span class='ocrx_word' id='word_1_100' title='bbox 553 1635 619 1697; x_wconf 91' lang='lat' dir='ltr'>veri</span> <span class='ocrx_word' id='word_1_101' title='bbox 641 1635 753 1697; x_wconf 88' lang='lat' dir='ltr'>simile.</span> <span class='ocrx_word' id='word_1_102' title='bbox 798 1633 863 1696; x_wconf 87' lang='lat' dir='ltr'>Sed</span> <span class='ocrx_word' id='word_1_103' title='bbox 884 1635 991 1709; x_wconf 91' lang='lat' dir='ltr'>verba,</span> <span class='ocrx_word' id='word_1_104' title='bbox 1016 1653 1098 1713; x_wconf 90' lang='lat' dir='ltr'>quae</span> <span class='ocrx_word' id='word_1_105' title='bbox 1122 1636 1142 1712; x_wconf 64' lang='grc' dir='ltr'>ξ</span> <span class='ocrx_word' id='word_1_106' title='bbox 1166 1649 1184 1694; x_wconf 89' lang='lat'><strong>2</strong></span> <span class='ocrx_word' id='word_1_107' title='bbox 1208 1632 1295 1695; x_wconf 91' lang='lat' dir='ltr'>initio</span> <span class='ocrx_word' id='word_1_108' title='bbox 1318 1632 1475 1713; x_wconf 86' lang='lat' dir='ltr'>leguntur,</span> 
     </span>
    </p>
   </div>
   <div class='ocr_carea' id='block_1_4' title="bbox 217 1737 1492 2345">
    <p class='ocr_par' dir='ltr' id='par_1_5' title="bbox 217 1737 1492 2345">
     <span class='ocr_line' id='line_1_13' title="bbox 219 1737 1492 1820; baseline -0.002 -19"><span class='ocrx_word' id='word_1_109' title='bbox 219 1740 401 1801; x_wconf 90' lang='lat' dir='ltr'>Diodorum</span> <span class='ocrx_word' id='word_1_110' title='bbox 423 1738 551 1800; x_wconf 92' lang='lat' dir='ltr'>iamiam</span> <span class='ocrx_word' id='word_1_111' title='bbox 585 1740 739 1802; x_wconf 92' lang='lat' dir='ltr'>nonnulla</span> <span class='ocrx_word' id='word_1_112' title='bbox 767 1738 901 1802; x_wconf 74' lang='lat' dir='ltr'>frustula</span> <span class='ocrx_word' id='word_1_113' title='bbox 923 1738 1050 1801; x_wconf 90' lang='lat' dir='ltr'>aliunde</span> <span class='ocrx_word' id='word_1_114' title='bbox 1078 1739 1179 1820; x_wconf 91' lang='lat' dir='ltr'>petita</span> <span class='ocrx_word' id='word_1_115' title='bbox 1209 1737 1492 1817; x_wconf 59' lang='lat' dir='ltr'>interpolaturum‘</span> 
     </span>
     <span class='ocr_line' id='line_1_14' title="bbox 219 1841 1475 1925; baseline -0.002 -18"><span class='ocrx_word' id='word_1_116' title='bbox 219 1865 299 1918; x_wconf 90' lang='lat' dir='ltr'>esse,</span> <span class='ocrx_word' id='word_1_117' title='bbox 322 1843 538 1925; x_wconf 89' lang='lat' dir='ltr'>suspicionem</span> <span class='ocrx_word' id='word_1_118' title='bbox 561 1854 693 1909; x_wconf 89' lang='lat' dir='ltr'>movent</span> <span class='ocrx_word' id='word_1_119' title='bbox 715 1844 838 1907; x_wconf 91' lang='lat' dir='ltr'>collatis</span> <span class='ocrx_word' id='word_1_120' title='bbox 860 1845 917 1906; x_wconf 92' lang='lat' dir='ltr'>IV.</span> <span class='ocrx_word' id='word_1_121' title='bbox 938 1845 982 1906; x_wconf 91' lang='lat'>·18</span> <span class='ocrx_word' id='word_1_122' title='bbox 1007 1847 1072 1924; x_wconf 58' lang='lat'>§4</span> <span class='ocrx_word' id='word_1_123' title='bbox 1093 1844 1136 1919; x_wconf 88' lang='lat'>46</span> <span class='ocrx_word' id='word_1_124' title='bbox 1155 1846 1175 1923; x_wconf 63' lang='grc' dir='ltr'>ξ</span> <span class='ocrx_word' id='word_1_125' title='bbox 1192 1858 1206 1922; x_wconf 90' lang='lat'><strong>5</strong></span> <span class='ocrx_word' id='word_1_126' title='bbox 1226 1842 1287 1906; x_wconf 83' lang='lat' dir='ltr'>sf.</span> <span class='ocrx_word' id='word_1_127' title='bbox 1323 1841 1475 1906; x_wconf 89' lang='lat' dir='ltr'>Ceterum</span> 
     </span>
     <span class='ocr_line' id='line_1_15' title="bbox 218 1947 1475 2031; baseline 0.002 -21"><span class='ocrx_word' id='word_1_128' title='bbox 218 1947 307 2029; x_wconf 94' lang='lat' dir='ltr'>quod</span> <span class='ocrx_word' id='word_1_129' title='bbox 341 1951 405 2027; x_wconf 69' lang='lat'>§4</span> <span class='ocrx_word' id='word_1_130' title='bbox 437 1948 579 2024; x_wconf 82' lang='lat' dir='ltr'>refertur,</span> <span class='ocrx_word' id='word_1_131' title='bbox 615 1950 731 2028; x_wconf 83' lang='lat' dir='ltr'>legitur</span> <span class='ocrx_word' id='word_1_132' title='bbox 763 1951 860 2013; x_wconf 90' lang='lat' dir='ltr'>etiam</span> <span class='ocrx_word' id='word_1_133' title='bbox 893 1950 981 2031; x_wconf 91' lang='lat' dir='ltr'>apud</span> <span class='ocrx_word' id='word_1_134' title='bbox 1015 1948 1209 2012; x_wconf 89' lang='lat' dir='ltr'>Strabonem</span> <span class='ocrx_word' id='word_1_135' title='bbox 1241 1969 1272 2030; x_wconf 92' lang='lat' dir='ltr'>p.</span> <span class='ocrx_word' id='word_1_136' title='bbox 1308 1950 1386 2027; x_wconf 86' lang='lat'><strong>258:</strong></span> <span class='ocrx_word' id='word_1_137' title='bbox 1426 1958 1475 2012; x_wconf 92' lang='lat' dir='ltr'>est</span> 
     </span>
     <span class='ocr_line' id='line_1_16' title="bbox 217 2053 1475 2137; baseline -0.002 -20"><span class='ocrx_word' id='word_1_138' title='bbox 217 2053 375 2133; x_wconf 88' lang='lat' dir='ltr'>Aeschyli</span> <span class='ocrx_word' id='word_1_139' title='bbox 404 2055 569 2121; x_wconf 82' lang='lat' dir='ltr'>sententia.</span> <span class='ocrx_word' id='word_1_140' title='bbox 614 2056 838 2137; x_wconf 87' lang='lat' dir='ltr'>Paragraphos</span> <span class='ocrx_word' id='word_1_141' title='bbox 866 2063 975 2117; x_wconf 91' lang='lat' dir='ltr'>autem</span> <span class='ocrx_word' id='word_1_142' title='bbox 1005 2053 1025 2114; x_wconf 90' lang='lat'><strong>6</strong></span> <span class='ocrx_word' id='word_1_143' title='bbox 1059 2064 1091 2117; x_wconf 92' lang='lat' dir='ltr'>et</span> <span class='ocrx_word' id='word_1_144' title='bbox 1121 2054 1343 2134; x_wconf 86' lang='lat' dir='ltr'>7Diodorum</span> <span class='ocrx_word' id='word_1_145' title='bbox 1373 2074 1391 2116; x_wconf 89' lang='lat' dir='ltr'>e</span> <span class='ocrx_word' id='word_1_146' title='bbox 1417 2074 1475 2115; x_wconf 93' lang='lat' dir='ltr'>sua</span> 
     </span>
     <span class='ocr_line' id='line_1_17' title="bbox 218 2158 1475 2242; baseline 0.001 -22"><span class='ocrx_word' id='word_1_147' title='bbox 218 2159 364 2221; x_wconf 92' lang='lat' dir='ltr'>doctrina</span> <span class='ocrx_word' id='word_1_148' title='bbox 392 2159 545 2223; x_wconf 91' lang='lat' dir='ltr'>adiecisse</span> <span class='ocrx_word' id='word_1_149' title='bbox 571 2170 668 2241; x_wconf 92' lang='lat' dir='ltr'>puto,</span> <span class='ocrx_word' id='word_1_150' title='bbox 699 2181 772 2224; x_wconf 94' lang='lat' dir='ltr'>cum</span> <span class='ocrx_word' id='word_1_151' title='bbox 801 2181 906 2242; x_wconf 92' lang='lat' dir='ltr'>neque</span> <span class='ocrx_word' id='word_1_152' title='bbox 935 2160 976 2221; x_wconf 91' lang='lat' dir='ltr'>ad</span> <span class='ocrx_word' id='word_1_153' title='bbox 1006 2179 1057 2221; x_wconf 90' lang='lat' dir='ltr'>res</span> <span class='ocrx_word' id='word_1_154' title='bbox 1079 2158 1202 2221; x_wconf 89' lang='lat' dir='ltr'>Siculas</span> <span class='ocrx_word' id='word_1_155' title='bbox 1232 2159 1412 2240; x_wconf 88' lang='lat' dir='ltr'>pertineant</span> <span class='ocrx_word' id='word_1_156' title='bbox 1442 2168 1475 2221; x_wconf 91' lang='lat' dir='ltr'>et</span> 
     </span>
     <span class='ocr_line' id='line_1_18' title="bbox 218 2263 1472 2345; baseline 0.001 -19"><span class='ocrx_word' id='word_1_157' title='bbox 218 2265 355 2345; x_wconf 93' lang='lat' dir='ltr'>scriptor</span> <span class='ocrx_word' id='word_1_158' title='bbox 384 2263 519 2326; x_wconf 92' lang='lat' dir='ltr'>Homeri</span> <span class='ocrx_word' id='word_1_159' title='bbox 553 2286 664 2328; x_wconf 87' lang='lat' dir='ltr'>versus</span> <span class='ocrx_word' id='word_1_160' title='bbox 697 2265 810 2327; x_wconf 85' lang='lat' dir='ltr'>afferre</span> <span class='ocrx_word' id='word_1_161' title='bbox 843 2274 876 2328; x_wconf 92' lang='lat' dir='ltr'>et</span> <span class='ocrx_word' id='word_1_162' title='bbox 909 2265 959 2326; x_wconf 90' lang='lat' dir='ltr'>vel</span> <span class='ocrx_word' id='word_1_163' title='bbox 993 2265 1154 2345; x_wconf 87' lang='lat' dir='ltr'>excerptis</span> <span class='ocrx_word' id='word_1_164' title='bbox 1183 2265 1320 2326; x_wconf 89' lang='lat' dir='ltr'>inserere</span> <span class='ocrx_word' id='word_1_165' title='bbox 1351 2263 1472 2327; x_wconf 89' lang='lat' dir='ltr'>soleat:</span> 
     </span>
    </p>
   </div>
   <div class='ocr_carea' id='block_1_5' title="bbox 145 2368 1475 4234">
    <p class='ocr_par' dir='ltr' id='par_1_6' title="bbox 217 2368 1475 2553">
     <span class='ocr_line' id='line_1_19' title="bbox 218 2368 1475 2450; baseline -0.002 -18"><span class='ocrx_word' id='word_1_166' title='bbox 218 2369 258 2435; x_wconf 87' lang='lat' dir='ltr'>cf.</span> <span class='ocrx_word' id='word_1_167' title='bbox 280 2370 335 2432; x_wconf 91' lang='lat' dir='ltr'>III.</span> <span class='ocrx_word' id='word_1_168' title='bbox 362 2369 416 2448; x_wconf 86' lang='lat'>56;</span> <span class='ocrx_word' id='word_1_169' title='bbox 446 2369 504 2430; x_wconf 91' lang='lat' dir='ltr'>IV.</span> <span class='ocrx_word' id='word_1_170' title='bbox 529 2371 745 2449; x_wconf 71' lang='lat' dir='ltr'>2§4=I.</span> <span class='ocrx_word' id='word_1_171' title='bbox 774 2369 1059 2450; x_wconf 70' lang='lat' dir='ltr'>15§78=III.</span> <span class='ocrx_word' id='word_1_172' title='bbox 1082 2368 1124 2431; x_wconf 90' lang='lat'>66</span> <span class='ocrx_word' id='word_1_173' title='bbox 1155 2371 1234 2448; x_wconf 73' lang='lat'>§3;</span> <span class='ocrx_word' id='word_1_174' title='bbox 1264 2368 1322 2430; x_wconf 92' lang='lat' dir='ltr'>IV.</span> <span class='ocrx_word' id='word_1_175' title='bbox 1345 2372 1475 2449; x_wconf 72' lang='lat'>49§7</span> 
     </span>
     <span class='ocr_line' id='line_1_20' title="bbox 217 2477 415 2553; baseline 0 -17"><span class='ocrx_word' id='word_1_176' title='bbox 217 2505 260 2528; x_wconf 96' lang='lat'><strong><em>=</em></strong></span> <span class='ocrx_word' id='word_1_177' title='bbox 283 2491 319 2553; x_wconf 86' lang='lat'>32</span> <span class='ocrx_word' id='word_1_178' title='bbox 344 2477 364 2553; x_wconf 62' lang='grc' dir='ltr'><strong>ξ</strong></span> <span class='ocrx_word' id='word_1_179' title='bbox 387 2490 415 2536; x_wconf 92' lang='lat'>2.</span> 
     </span>
    </p>

    <p class='ocr_par' dir='ltr' id='par_1_7' title="bbox 145 2577 1474 4007">
     <span class='ocr_line' id='line_1_21' title="bbox 302 2577 1472 2661; baseline 0 -21"><span class='ocrx_word' id='word_1_180' title='bbox 302 2579 478 2658; x_wconf 92' lang='lat' dir='ltr'>Postquam</span> <span class='ocrx_word' id='word_1_181' title='bbox 509 2579 550 2640; x_wconf 89' lang='lat' dir='ltr'>de</span> <span class='ocrx_word' id='word_1_182' title='bbox 580 2580 732 2657; x_wconf 91' lang='lat' dir='ltr'>Timae0,</span> <span class='ocrx_word' id='word_1_183' title='bbox 763 2581 853 2661; x_wconf 93' lang='lat' dir='ltr'>quod</span> <span class='ocrx_word' id='word_1_184' title='bbox 881 2579 1084 2660; x_wconf 92' lang='lat' dir='ltr'>propositum</span> <span class='ocrx_word' id='word_1_185' title='bbox 1115 2585 1200 2651; x_wconf 91' lang='lat' dir='ltr'>erat,</span> <span class='ocrx_word' id='word_1_186' title='bbox 1231 2577 1472 2658; x_wconf 89' lang='lat' dir='ltr'>explicavimus,</span> 
     </span>
     <span class='ocr_line' id='line_1_22' title="bbox 217 2681 1474 2766; baseline 0 -20"><span class='ocrx_word' id='word_1_187' title='bbox 217 2686 281 2748; x_wconf 92' lang='lat' dir='ltr'>iam</span> <span class='ocrx_word' id='word_1_188' title='bbox 304 2704 408 2766; x_wconf 92' lang='lat' dir='ltr'>pauca</span> <span class='ocrx_word' id='word_1_189' title='bbox 430 2684 604 2747; x_wconf 89' lang='lat' dir='ltr'>addiderim</span> <span class='ocrx_word' id='word_1_190' title='bbox 628 2686 668 2748; x_wconf 90' lang='lat' dir='ltr'>de</span> <span class='ocrx_word' id='word_1_191' title='bbox 690 2686 828 2748; x_wconf 91' lang='lat' dir='ltr'>Matride</span> <span class='ocrx_word' id='word_1_192' title='bbox 851 2683 997 2758; x_wconf 90' lang='lat' dir='ltr'>rhetore,</span> <span class='ocrx_word' id='word_1_193' title='bbox 1028 2682 1116 2744; x_wconf 91' lang='lat' dir='ltr'>cuius</span> <span class='ocrx_word' id='word_1_194' title='bbox 1145 2681 1281 2762; x_wconf 83' lang='lat' dir='ltr'>vestigia</span> <span class='ocrx_word' id='word_1_195' title='bbox 1310 2692 1384 2746; x_wconf 89' lang='lat' dir='ltr'>ante</span> <span class='ocrx_word' id='word_1_196' title='bbox 1414 2684 1474 2746; x_wconf 90' lang='lat' dir='ltr'>hos</span> 
     </span>
     <span class='ocr_line' id='line_1_23' title="bbox 217 2789 1474 2870; baseline 0 -18"><span class='ocrx_word' id='word_1_197' title='bbox 217 2810 276 2852; x_wconf 93' lang='lat' dir='ltr'>sex</span> <span class='ocrx_word' id='word_1_198' title='bbox 299 2809 400 2851; x_wconf 91' lang='lat' dir='ltr'>annos</span> <span class='ocrx_word' id='word_1_199' title='bbox 423 2789 454 2850; x_wconf 91' lang='lat' dir='ltr'>in</span> <span class='ocrx_word' id='word_1_200' title='bbox 475 2789 611 2852; x_wconf 92' lang='lat' dir='ltr'>Diodori</span> <span class='ocrx_word' id='word_1_201' title='bbox 633 2791 703 2852; x_wconf 92' lang='lat' dir='ltr'>libri</span> <span class='ocrx_word' id='word_1_202' title='bbox 726 2791 774 2852; x_wconf 92' lang='lat' dir='ltr'>IV</span> <span class='ocrx_word' id='word_1_203' title='bbox 797 2790 955 2870; x_wconf 89' lang='lat' dir='ltr'>capitibus</span> <span class='ocrx_word' id='word_1_204' title='bbox 977 2790 995 2850; x_wconf 91' lang='lat'>8</span> <span class='ocrx_word' id='word_1_205' title='bbox 1014 2807 1086 2869; x_wconf 92' lang='lat' dir='ltr'>sqq.</span> <span class='ocrx_word' id='word_1_206' title='bbox 1110 2789 1269 2868; x_wconf 83' lang='lat' dir='ltr'>sagaciter</span> <span class='ocrx_word' id='word_1_207' title='bbox 1291 2789 1418 2851; x_wconf 90' lang='lat' dir='ltr'>detecta</span> <span class='ocrx_word' id='word_1_208' title='bbox 1441 2799 1474 2852; x_wconf 90' lang='lat' dir='ltr'>et</span> 
     </span>
     <span class='ocr_line' id='line_1_24' title="bbox 216 2893 1473 2976; baseline -0.001 -19"><span class='ocrx_word' id='word_1_209' title='bbox 216 2895 385 2976; x_wconf 84' lang='lat' dir='ltr'>diligenter</span> <span class='ocrx_word' id='word_1_210' title='bbox 399 2902 474 2955; x_wconf 91' lang='lat' dir='ltr'>sunt</span> <span class='ocrx_word' id='word_1_211' title='bbox 488 2895 716 2958; x_wconf 89' lang='lat' dir='ltr'>demonstrata.</span> <span class='ocrx_word' id='word_1_212' title='bbox 761 2896 882 2958; x_wconf 91' lang='lat' dir='ltr'>Holzer</span> <span class='ocrx_word' id='word_1_213' title='bbox 906 2895 990 2956; x_wconf 91' lang='lat' dir='ltr'>enim</span> <span class='ocrx_word' id='word_1_214' title='bbox 1011 2894 1096 2955; x_wconf 92' lang='lat' dir='ltr'>nisus</span> <span class='ocrx_word' id='word_1_215' title='bbox 1111 2893 1273 2955; x_wconf 85' lang='lat' dir='ltr'>Athenaei</span> <span class='ocrx_word' id='word_1_216' title='bbox 1288 2895 1473 2957; x_wconf 88' lang='lat' dir='ltr'>testimonio</span> 
     </span>
     <span class='ocr_line' id='line_1_25' title="bbox 219 2997 1474 3082; baseline -0.002 -20"><span class='ocrx_word' id='word_1_217' title='bbox 219 3001 270 3082; x_wconf 94' lang='lat' dir='ltr'>(X.</span> <span class='ocrx_word' id='word_1_218' title='bbox 294 3021 326 3081; x_wconf 93' lang='lat' dir='ltr'>p.</span> <span class='ocrx_word' id='word_1_219' title='bbox 349 3015 412 3076; x_wconf 87' lang='lat'>412</span> <span class='ocrx_word' id='word_1_220' title='bbox 436 2999 491 3080; x_wconf 91' lang='lat' dir='ltr'>B),</span> <span class='ocrx_word' id='word_1_221' title='bbox 523 3020 588 3081; x_wconf 93' lang='lat' dir='ltr'>quo</span> <span class='ocrx_word' id='word_1_222' title='bbox 611 3008 739 3062; x_wconf 91' lang='lat' dir='ltr'>constat</span> <span class='ocrx_word' id='word_1_223' title='bbox 761 3000 933 3063; x_wconf 90' lang='lat' dir='ltr'>Matridem</span> <span class='ocrx_word' id='word_1_224' title='bbox 958 2999 1132 3078; x_wconf 89' lang='lat' dir='ltr'>quemdam</span> <span class='ocrx_word' id='word_1_225' title='bbox 1155 3018 1306 3061; x_wconf 92' lang='lat' dir='ltr'>exarasse</span> <span class='ocrx_word' id='word_1_226' title='bbox 1329 2997 1474 3080; x_wconf 75' lang='grc' dir='ltr'>ἐγκώμιον</span> 
     </span>
     <span class='ocr_line' id='line_1_26' title="bbox 217 3102 1472 3187; baseline 0.001 -21"><span class='ocrx_word' id='word_1_227' title='bbox 217 3102 416 3187; x_wconf 73' lang='grc' dir='ltr'><strong><em>Ἡρακλέους,</em></strong></span> <span class='ocrx_word' id='word_1_228' title='bbox 445 3114 478 3167; x_wconf 91' lang='lat' dir='ltr'>et</span> <span class='ocrx_word' id='word_1_229' title='bbox 499 3105 635 3167; x_wconf 93' lang='lat' dir='ltr'>Diodori</span> <span class='ocrx_word' id='word_1_230' title='bbox 657 3104 731 3167; x_wconf 89' lang='lat' dir='ltr'>loco</span> <span class='ocrx_word' id='word_1_231' title='bbox 754 3105 786 3187; x_wconf 90' lang='lat' dir='ltr'>(l.</span> <span class='ocrx_word' id='word_1_232' title='bbox 810 3122 860 3182; x_wconf 86' lang='lat'>24.</span> <span class='ocrx_word' id='word_1_233' title='bbox 883 3106 932 3187; x_wconf 84' lang='lat'>4),</span> <span class='ocrx_word' id='word_1_234' title='bbox 961 3104 1015 3166; x_wconf 92' lang='lat' dir='ltr'>ubi</span> <span class='ocrx_word' id='word_1_235' title='bbox 1037 3103 1127 3177; x_wconf 92' lang='lat' dir='ltr'>dicit,</span> <span class='ocrx_word' id='word_1_236' title='bbox 1151 3103 1323 3167; x_wconf 88' lang='lat' dir='ltr'>Matridem</span> <span class='ocrx_word' id='word_1_237' title='bbox 1345 3105 1472 3167; x_wconf 89' lang='lat' dir='ltr'>tradere</span> 
     </span>
     <span class='ocr_line' id='line_1_27' title="bbox 217 3201 1473 3291; baseline 0 -19"><span class='ocrx_word' id='word_1_238' title='bbox 217 3210 348 3273; x_wconf 91' lang='lat' dir='ltr'>Herculi</span> <span class='ocrx_word' id='word_1_239' title='bbox 362 3211 466 3290; x_wconf 91' lang='lat' dir='ltr'>primo</span> <span class='ocrx_word' id='word_1_240' title='bbox 483 3201 622 3271; x_wconf 79' lang='grc' dir='ltr'><strong><em>Ἀλκαῖον</em></strong></span> <span class='ocrx_word' id='word_1_241' title='bbox 638 3209 734 3272; x_wconf 85' lang='lat' dir='ltr'>fuisse</span> <span class='ocrx_word' id='word_1_242' title='bbox 749 3230 877 3284; x_wconf 89' lang='lat' dir='ltr'>nomen,</span> <span class='ocrx_word' id='word_1_243' title='bbox 899 3206 1049 3291; x_wconf 72' lang='grc' dir='ltr'><strong><em>Ἡρακλέα</em></strong></span> <span class='ocrx_word' id='word_1_244' title='bbox 1065 3217 1172 3269; x_wconf 91' lang='lat' dir='ltr'>autem</span> <span class='ocrx_word' id='word_1_245' title='bbox 1189 3228 1260 3270; x_wconf 92' lang='lat' dir='ltr'>esse</span> <span class='ocrx_word' id='word_1_246' title='bbox 1274 3208 1473 3290; x_wconf 91' lang='lat' dir='ltr'>adpellatum</span> 
     </span>
     <span class='ocr_line' id='line_1_28' title="bbox 221 3304 1471 3395; baseline 0.004 -26"><span class='ocrx_word' id='word_1_247' title='bbox 221 3311 284 3372; x_wconf 75' lang='lat' dir='ltr'>»du</span> <span class='ocrx_word' id='word_1_248' title='bbox 307 3309 354 3373; x_wconf 76' lang='grc' dir='ltr'>δι’</span> <span class='ocrx_word' id='word_1_249' title='bbox 373 3304 474 3395; x_wconf 78' lang='grc' dir='ltr'><strong><em>Ἥραν</em></strong></span> <span class='ocrx_word' id='word_1_250' title='bbox 498 3311 563 3393; x_wconf 70' lang='grc' dir='ltr'><em>ἴσχε</em></span> <span class='ocrx_word' id='word_1_251' title='bbox 587 3313 700 3391; x_wconf 65' lang='lat' dir='ltr'>ultor«,</span> <span class='ocrx_word' id='word_1_252' title='bbox 723 3334 807 3395; x_wconf 89' lang='lat' dir='ltr'>quae</span> <span class='ocrx_word' id='word_1_253' title='bbox 829 3314 928 3377; x_wconf 90' lang='lat' dir='ltr'>verba</span> <span class='ocrx_word' id='word_1_254' title='bbox 950 3315 1084 3375; x_wconf 91' lang='lat' dir='ltr'>redeunt</span> <span class='ocrx_word' id='word_1_255' title='bbox 1105 3314 1136 3375; x_wconf 91' lang='lat' dir='ltr'>in</span> <span class='ocrx_word' id='word_1_256' title='bbox 1158 3313 1179 3379; x_wconf 94' lang='lat' dir='ltr'>l.</span> <span class='ocrx_word' id='word_1_257' title='bbox 1201 3313 1259 3376; x_wconf 90' lang='lat' dir='ltr'>IV.</span> <span class='ocrx_word' id='word_1_258' title='bbox 1283 3334 1309 3376; x_wconf 91' lang='lat' dir='ltr'>c.</span> <span class='ocrx_word' id='word_1_259' title='bbox 1337 3330 1375 3375; x_wconf 95' lang='lat' dir='ltr'>1o</span> <span class='ocrx_word' id='word_1_260' title='bbox 1398 3316 1418 3393; x_wconf 63' lang='grc' dir='ltr'>ξ</span> <span class='ocrx_word' id='word_1_261' title='bbox 1446 3331 1471 3390; x_wconf 90' lang='lat'>1,</span> 
     </span>
     <span class='ocr_line' id='line_1_29' title="bbox 216 3417 1471 3501; baseline 0.001 -22"><span class='ocrx_word' id='word_1_262' title='bbox 216 3425 249 3479; x_wconf 90' lang='lat' dir='ltr'>et</span> <span class='ocrx_word' id='word_1_263' title='bbox 271 3417 506 3494; x_wconf 89' lang='lat' dir='ltr'>observatione,</span> <span class='ocrx_word' id='word_1_264' title='bbox 530 3419 599 3481; x_wconf 85' lang='lat' dir='ltr'>libri</span> <span class='ocrx_word' id='word_1_265' title='bbox 618 3419 667 3480; x_wconf 92' lang='lat' dir='ltr'>IV</span> <span class='ocrx_word' id='word_1_266' title='bbox 690 3422 796 3500; x_wconf 91' lang='lat' dir='ltr'>capita</span> <span class='ocrx_word' id='word_1_267' title='bbox 817 3422 921 3501; x_wconf 90' lang='lat' dir='ltr'>8sqq.</span> <span class='ocrx_word' id='word_1_268' title='bbox 945 3439 1128 3480; x_wconf 91' lang='lat' dir='ltr'>sermonem</span> <span class='ocrx_word' id='word_1_269' title='bbox 1149 3418 1319 3481; x_wconf 90' lang='lat' dir='ltr'>ostendere</span> <span class='ocrx_word' id='word_1_270' title='bbox 1342 3419 1471 3481; x_wconf 91' lang='lat' dir='ltr'>rhetori-</span> 
     </span>
     <span class='ocr_line' id='line_1_30' title="bbox 216 3522 1472 3606; baseline 0.002 -22"><span class='ocrx_word' id='word_1_271' title='bbox 216 3542 291 3584; x_wconf 92' lang='lat' dir='ltr'>cum</span> <span class='ocrx_word' id='word_1_272' title='bbox 321 3532 354 3586; x_wconf 92' lang='lat' dir='ltr'>et</span> <span class='ocrx_word' id='word_1_273' title='bbox 375 3524 542 3602; x_wconf 90' lang='lat' dir='ltr'>exquisitis</span> <span class='ocrx_word' id='word_1_274' title='bbox 570 3522 736 3586; x_wconf 91' lang='lat' dir='ltr'>antithesis</span> <span class='ocrx_word' id='word_1_275' title='bbox 765 3525 988 3598; x_wconf 82' lang='lat' dir='ltr'>artificiosum,</span> <span class='ocrx_word' id='word_1_276' title='bbox 1019 3525 1072 3604; x_wconf 93' lang='lat' dir='ltr'>qui</span> <span class='ocrx_word' id='word_1_277' title='bbox 1102 3522 1274 3585; x_wconf 89' lang='lat' dir='ltr'>abhorreat</span> <span class='ocrx_word' id='word_1_278' title='bbox 1302 3524 1344 3586; x_wconf 93' lang='lat' dir='ltr'>ab</span> <span class='ocrx_word' id='word_1_279' title='bbox 1373 3524 1472 3606; x_wconf 92' lang='lat' dir='ltr'>ipsius</span> 
     </span>
     <span class='ocr_line' id='line_1_31' title="bbox 215 3626 1471 3711; baseline 0.004 -24"><span class='ocrx_word' id='word_1_280' title='bbox 215 3626 351 3689; x_wconf 91' lang='lat' dir='ltr'>Diodori</span> <span class='ocrx_word' id='word_1_281' title='bbox 373 3629 602 3692; x_wconf 90' lang='lat' dir='ltr'>consuetudine</span> <span class='ocrx_word' id='word_1_282' title='bbox 625 3629 766 3704; x_wconf 88' lang='lat' dir='ltr'>dicendi,</span> <span class='ocrx_word' id='word_1_283' title='bbox 797 3629 994 3711; x_wconf 88' lang='lat' dir='ltr'>praetendit,</span> <span class='ocrx_word' id='word_1_284' title='bbox 1023 3628 1238 3690; x_wconf 88' lang='lat' dir='ltr'>narrationem</span> <span class='ocrx_word' id='word_1_285' title='bbox 1261 3629 1301 3690; x_wconf 92' lang='lat' dir='ltr'>de</span> <span class='ocrx_word' id='word_1_286' title='bbox 1324 3629 1471 3692; x_wconf 88' lang='lat' dir='ltr'>Herculis</span> 
     </span>
     <span class='ocr_line' id='line_1_32' title="bbox 145 3732 1471 3815; baseline 0.002 -21"><span class='ocrx_word' id='word_1_287' title='bbox 145 3807 149 3814; x_wconf 24' lang='grc' dir='ltr'>Ι</span> <span class='ocrx_word' id='word_1_288' title='bbox 215 3732 378 3796; x_wconf 89' lang='lat' dir='ltr'>laboribus</span> <span class='ocrx_word' id='word_1_289' title='bbox 409 3734 514 3815; x_wconf 90' lang='lat'>(1-9)</span> <span class='ocrx_word' id='word_1_290' title='bbox 546 3743 578 3797; x_wconf 89' lang='lat' dir='ltr'>et</span> <span class='ocrx_word' id='word_1_291' title='bbox 608 3733 778 3815; x_wconf 90' lang='lat' dir='ltr'>apotheosi</span> <span class='ocrx_word' id='word_1_292' title='bbox 806 3735 987 3797; x_wconf 93' lang='lat' dir='ltr'>Diodorum</span> <span class='ocrx_word' id='word_1_293' title='bbox 1016 3732 1222 3814; x_wconf 89' lang='lat' dir='ltr'>descripsisse</span> <span class='ocrx_word' id='word_1_294' title='bbox 1251 3753 1295 3795; x_wconf 92' lang='lat' dir='ltr'>ex</span> <span class='ocrx_word' id='word_1_295' title='bbox 1323 3735 1471 3797; x_wconf 92' lang='lat' dir='ltr'>encomio</span> 
     </span>
     <span class='ocr_line' id='line_1_33' title="bbox 214 3837 1471 3918; baseline 0.001 -18"><span class='ocrx_word' id='word_1_296' title='bbox 214 3839 359 3901; x_wconf 91' lang='lat' dir='ltr'>Matridis</span> <span class='ocrx_word' id='word_1_297' title='bbox 382 3839 532 3913; x_wconf 91' lang='lat' dir='ltr'>rhetoris,</span> <span class='ocrx_word' id='word_1_298' title='bbox 564 3848 597 3901; x_wconf 93' lang='lat' dir='ltr'>et</span> <span class='ocrx_word' id='word_1_299' title='bbox 618 3840 662 3901; x_wconf 91' lang='lat' dir='ltr'>ita</span> <span class='ocrx_word' id='word_1_300' title='bbox 684 3837 853 3902; x_wconf 89' lang='lat' dir='ltr'>confirmat</span> <span class='ocrx_word' id='word_1_301' title='bbox 875 3839 1080 3914; x_wconf 89' lang='lat' dir='ltr'>sententiam,</span> <span class='ocrx_word' id='word_1_302' title='bbox 1111 3847 1147 3900; x_wconf 93' lang='lat' dir='ltr'>ut</span> <span class='ocrx_word' id='word_1_303' title='bbox 1168 3837 1319 3918; x_wconf 88' lang='lat' dir='ltr'>equidem</span> <span class='ocrx_word' id='word_1_304' title='bbox 1345 3847 1471 3901; x_wconf 91' lang='lat' dir='ltr'>contra-</span> 
     </span>
     <span class='ocr_line' id='line_1_34' title="bbox 214 3945 491 4007; baseline 0 -1"><span class='ocrx_word' id='word_1_305' title='bbox 214 3946 320 4007; x_wconf 88' lang='lat' dir='ltr'>dicere</span> <span class='ocrx_word' id='word_1_306' title='bbox 342 3945 491 4006; x_wconf 88' lang='lat' dir='ltr'>nesciam.</span> 
     </span>
    </p>

    <p class='ocr_par' dir='ltr' id='par_1_8' title="bbox 215 4048 1471 4234">
     <span class='ocr_line' id='line_1_35' title="bbox 301 4048 1471 4130; baseline -0.002 -19"><span class='ocrx_word' id='word_1_307' title='bbox 301 4048 365 4111; x_wconf 90' lang='lat' dir='ltr'>Sed</span> <span class='ocrx_word' id='word_1_308' title='bbox 388 4069 453 4130; x_wconf 96' lang='lat' dir='ltr'>quo</span> <span class='ocrx_word' id='word_1_309' title='bbox 476 4057 624 4130; x_wconf 89' lang='lat' dir='ltr'>tempore</span> <span class='ocrx_word' id='word_1_310' title='bbox 647 4048 764 4111; x_wconf 88' lang='lat' dir='ltr'>vixerit</span> <span class='ocrx_word' id='word_1_311' title='bbox 786 4049 915 4123; x_wconf 89' lang='lat' dir='ltr'>Matris,</span> <span class='ocrx_word' id='word_1_312' title='bbox 946 4069 1010 4110; x_wconf 94' lang='lat' dir='ltr'>non</span> <span class='ocrx_word' id='word_1_313' title='bbox 1037 4049 1124 4110; x_wconf 90' lang='lat' dir='ltr'>eruit.</span> <span class='ocrx_word' id='word_1_314' title='bbox 1170 4048 1339 4110; x_wconf 89' lang='lat' dir='ltr'>Traditum</span> <span class='ocrx_word' id='word_1_315' title='bbox 1362 4057 1471 4110; x_wconf 92' lang='lat' dir='ltr'>autem</span> 
     </span>
     <span class='ocr_line' id='line_1_36' title="bbox 215 4152 1471 4234; baseline 0 -18"><span class='ocrx_word' id='word_1_316' title='bbox 215 4163 279 4229; x_wconf 88' lang='lat' dir='ltr'>est,</span> <span class='ocrx_word' id='word_1_317' title='bbox 314 4175 387 4217; x_wconf 90' lang='lat' dir='ltr'>eum</span> <span class='ocrx_word' id='word_1_318' title='bbox 421 4173 531 4218; x_wconf 92' lang='lat' dir='ltr'>revera</span> <span class='ocrx_word' id='word_1_319' title='bbox 564 4152 659 4216; x_wconf 87' lang='lat' dir='ltr'>fuisse</span> <span class='ocrx_word' id='word_1_320' title='bbox 694 4155 775 4216; x_wconf 89' lang='lat' dir='ltr'>inter</span> <span class='ocrx_word' id='word_1_321' title='bbox 808 4154 952 4217; x_wconf 90' lang='lat' dir='ltr'>rhetores</span> <span class='ocrx_word' id='word_1_322' title='bbox 984 4152 1124 4216; x_wconf 90' lang='lat' dir='ltr'>Asianos</span> <span class='ocrx_word' id='word_1_323' title='bbox 1133 4153 1184 4234; x_wconf 74' lang='lat'>⁶³).</span> <span class='ocrx_word' id='word_1_324' title='bbox 1239 4153 1323 4215; x_wconf 89' lang='lat' dir='ltr'>Nam</span> <span class='ocrx_word' id='word_1_325' title='bbox 1358 4163 1471 4216; x_wconf 92' lang='lat' dir='ltr'>auctor</span> 
     </span>
    </p>
   </div>
   <div class='ocr_carea' id='block_1_6' title="bbox 215 4322 1472 4478">
    <p class='ocr_par' dir='ltr' id='par_1_9' title="bbox 215 4322 1472 4478">
     <span class='ocr_line' id='line_1_37' title="bbox 300 4322 1472 4389; baseline -0.001 -15"><span class='ocrx_word' id='word_1_326' title='bbox 300 4322 336 4389; x_wconf 77' lang='lat'>⁶³)</span> <span class='ocrx_word' id='word_1_327' title='bbox 366 4326 406 4374; x_wconf 92' lang='lat' dir='ltr'>De</span> <span class='ocrx_word' id='word_1_328' title='bbox 432 4325 541 4374; x_wconf 86' lang='lat' dir='ltr'>Matride</span> <span class='ocrx_word' id='word_1_329' title='bbox 571 4325 639 4374; x_wconf 90' lang='lat' dir='ltr'>locos</span> <span class='ocrx_word' id='word_1_330' title='bbox 669 4324 779 4388; x_wconf 86' lang='lat' dir='ltr'>benigne</span> <span class='ocrx_word' id='word_1_331' title='bbox 810 4325 872 4373; x_wconf 91' lang='lat' dir='ltr'>mihi</span> <span class='ocrx_word' id='word_1_332' title='bbox 900 4332 1048 4389; x_wconf 81' lang='lat' dir='ltr'>praeceptor</span> <span class='ocrx_word' id='word_1_333' title='bbox 1074 4325 1124 4374; x_wconf 91' lang='lat' dir='ltr'>Ud.</span> <span class='ocrx_word' id='word_1_334' title='bbox 1157 4326 1190 4374; x_wconf 92' lang='lat' dir='ltr'>de</span> <span class='ocrx_word' id='word_1_335' title='bbox 1216 4324 1386 4374; x_wconf 84' lang='lat' dir='ltr'>Wilamowitz</span> <span class='ocrx_word' id='word_1_336' title='bbox 1413 4340 1472 4389; x_wconf 91' lang='lat' dir='ltr'>sup·</span> 
     </span>
     <span class='ocr_line' id='line_1_38' title="bbox 215 4414 344 4478; baseline 0.008 -16"><span class='ocrx_word' id='word_1_337' title='bbox 215 4414 344 4478; x_wconf 77' lang='lat' dir='ltr'>peditavit.</span> 
     </span>
    </p>
   </div>
   <div class='ocr_carea' id='block_1_7' title="bbox 0 0 1696 5228">
    <p class='ocr_par' dir='ltr' id='par_1_10' title="bbox 0 0 1696 5228">
     <span class='ocr_line' id='line_1_39' title="bbox 0 0 1696 5228; baseline 0 3"><span class='ocrx_word' id='word_1_338' title='bbox 0 0 1696 5228; x_wconf 95' lang='lat' dir='ltr'> </span> 
     </span>
    </p>
   </div>
  </div>
 </body>
</html>
