3382 5228
720 1443 966 1517 capuam
1008 1479 1011 1487 ·

538 1649 599 1739 DE
629 1645 811 1739 ΤΙΜΑΕὓ
846 1647 906 1738 ΕΤ
938 1644 1154 1737 nurnine

765 1899 931 1909 ——a—-—-

308 2069 399 2150 Cum
422 2099 469 2151 ea,
494 2097 578 2158 quae
602 2075 870 2156 Scytobrachioni
893 2076 1061 2138 tribuenda
1084 2086 1166 2151 sunt,
1190 2079 1471 2157 enucleaverimuS,

216 2187 279 2248 iam
298 2184 339 2246 ad
355 2184 491 2246 alterum
507 2182 699 2264 scriptorem
714 2189 923 2257 transeamus,
947 2200 1012 2262 quo
1028 2201 1063 2243 se
1078 2181 1108 2242 in
1125 2181 1206 2244 libro
1221 2183 1270 2244 IV
1293 2205 1385 2246 usum
1402 2206 1472 2249 esse

216 2292 380 2353 Diodorus
403 2289 472 2370 ipse
495 2286 628 2349 fatetur:
651 2287 831 2348 Timaeum.
876 2286 1075 2348 Nominatim
1097 2295 1146 2348 ter
1168 2287 1316 2351 laudatur
1337 2290 1368 2351 in
1391 2290 1473 2354 libro

217 2404 349 2476 quarto:
374 2392 432 2455 IV.
448 2407 497 2466 21,
515 2407 532 2472 7
553 2393 593 2453 de
610 2390 879 2472 Gigantomachia
900 2391 931 2451 in
945 2389 1129 2471 Phlegraeis
1145 2394 1267 2475 campis
1283 2396 1471 2471 commissa;

215 2501 273 2562 IV.
299 2514 349 2573 22,
372 2497 392 2558 6
414 2497 455 2558 de
478 2495 548 2558 freti
573 2495 680 2570 Siculi,
704 2516 769 2577 quo
793 2496 866 2558 loco
890 2494 1045 2556 Hercules
1069 2494 1228 2575 Geryonis
1251 2497 1352 2561 boves
1374 2509 1471 2564 trans·
1544 2501 1547 2506 ’

216 2605 332 2676 iecerit,
357 2601 539 2677 latitudine3
563 2600 620 2662 IV.
648 2602 696 2681 56,
723 2619 739 2680 3
762 2601 803 2663 de
826 2600 928 2662 reditu
945 2598 1218 2681 Argonautarum.
1262 2604 1340 2667 Inde
1355 2607 1472 2686 pedem

216 2708 350 2790 protulit
372 2705 454 2769 Otto
477 2704 625 2783 Sieroka,
657 2707 711 2788 qui
733 2706 774 2768 de
795 2705 931 2767 Diodori
958 2705 1111 2767 librorum
1133 2706 1178 2767 Ill
1201 2717 1233 2770 et
1255 2708 1304 2769 IV
1331 2708 1472 2773 fontibus

216 2815 375 2892 sagaciter
389 2812 455 2892 egit
463 2811 514 2892 4⁰),
547 2831 621 2872 cum
637 2820 721 2874 recte
737 2811 952 2889 cognovisset,
972 2810 1152 2872 Diodorum
1170 2814 1266 2874 etiam
1282 2814 1313 2875 in
1327 2814 1408 2877 libro
1423 2815 1472 2876 IV

216 2919 386 2980 scribendo
402 2917 572 2979 Timaeum
588 2918 694 2998 ipsum
708 2916 832 2978 adiisse.
870 2914 956 2977 Nam
971 2914 1105 2979 Carolus
1121 2917 1320 2994 Miillenhoff,
1338 2921 1392 3001 qui
1407 2941 1472 2982 om-

216 3025 303 3085 nium
318 3021 571 3104 praeclarissime
586 3024 627 3083 de
642 3021 778 3083 Timaeo
793 3020 868 3101 egit,
884 3022 1018 3083 Diodori
1034 3022 1149 3084 librum
1164 3023 1213 3084 IV
1228 3023 1381 3104 neglexit,
1397 3026 1472 3104 quia

302 3229 339 3297 40)
367 3232 417 3281 Die
439 3233 696 3296 mythographischen
715 3231 824 3295 Quellen
849 3232 889 3280 fiir
906 3232 1028 3281 Diodor’s
1052 3233 1139 3282 drittes
1159 3235 1212 3283 und
1229 3235 1319 3284 viertes
1336 3236 1408 3284 Buch
1426 3236 1472 3285 mit

216 3322 369 3370 hesonderer
387 3320 632 3384 Berflcksichtigung
649 3321 694 3368 des
711 3319 847 3382 Dionysios
866 3319 1080 3383 Skytobrachion,
1109 3324 1254 3372 untersucht
1271 3340 1321 3372 von
1341 3325 1387 3372 Dr.
1410 3324 1472 3373 Otto

216 3409 331 3469 Sieroka,
352 3408 646 3474 Gymnasialprogramm
664 3423 715 3456 von
728 3407 785 3470 Lyk
805 3407 878 3470 1878.
912 3409 963 3458 Cur
975 3409 1131 3460 Christianus
1143 3411 1235 3460 Clasen
1253 3412 1279 3459 in
1297 3411 1472 3461 dissertatione

213 3499 317 3562 Jeuensi
335 3497 394 3547 anni
418 3496 481 3560 1883
501 3514 526 3561 p.
545 3509 576 3558 41
597 3512 649 3560 sq.,
670 3511 735 3560 quae
755 3495 792 3544 vir
809 3495 852 3544 ille
870 3497 959 3546 doctus
976 3499 1048 3556 eruit,
1069 3500 1211 3564 repetiverit
1229 3501 1300 3549 novis
1318 3501 1400 3549 causis
1419 3516 1471 3548 non

217 3587 316 3646 additis,
327 3587 396 3635 haud
411 3586 542 3649 intellego.
567 3586 653 3648 Atque
664 3583 749 3641 miror,
766 3584 835 3647 quod
851 3584 882 3633 de
893 3586 999 3635 Timaeo
1009 3586 1133 3647 disseruit,
1145 3586 1228 3636 Caroli
1243 3588 1397 3637 Mullenhoff
1407 3588 1471 3635 libro

219 3690 270 3723 non
292 3674 415 3739 inspecto.
451 3674 554 3733 Holzer,
575 3673 618 3737 qui
637 3670 749 3736 scripsit:
772 3672 885 3731 »Matris
906 3673 946 3722 ein
964 3674 1066 3739 Beitrag
1083 3693 1126 3724 zur
1140 3675 1326 3738 Quellenkritik
1343 3676 1469 3736 Diodor's,

216 3760 523 3826 Gymnasialprogramm,
545 3761 683 3824 Tiibingen
704 3759 794 3818 1881«,
820 3760 909 3810 Ottoni
933 3761 1037 3811 Sieroka
1057 3765 1177 3813 adsensus
1196 3773 1241 3814 est.
1278 3764 1350 3814 Nihil
1374 3765 1401 3814 in
1423 3765 1470 3814 hac

218 3849 366 3914 quaestione
383 3849 506 3914 praestitit
529 3848 562 3898 G.
580 3848 664 3912 Julius
682 3848 834 3907 Schneider,
863 3849 905 3912 qui
929 3850 1128 3900 dissertationem
1146 3852 1293 3917 conscripsit
1312 3853 1345 3900 de
1362 3853 1471 3902 Diodori

215 3937 327 3986 fontibus
346 3935 455 4002 (I-IV)
476 3937 587 3986 Berolini
608 3935 687 3998 1880,
716 3950 869 4000 quamquam
892 3953 922 3986 ex
940 3953 986 3998 eo,
1013 3941 1082 4003 quod
1100 3940 1145 3988 ille
1162 3941 1210 3989 sibi
1232 3941 1344 3990 effecisse
1361 3942 1468 4005 videtur,

216 4041 274 4074 eum
292 4025 372 4073 multa
389 4033 415 4073 et
432 4041 497 4073 nova
511 4025 612 4073 Timaei
629 4023 735 4086 vestigia
748 4023 775 4072 in
785 4022 893 4073 Diodori
908 4025 972 4074 libro
984 4027 1022 4076 IV
1035 4027 1230 4092 deprehendisse
1241 4029 1316 4078 sacile
1327 4030 1468 4095 suspiceris.

216 4113 283 4163 Nam
303 4112 459 4172 »omnibus«
480 4113 563 4176 inquit
581 4129 608 4176 p.
627 4121 668 4175 73,
690 4112 788 4170 nebus,
816 4120 939 4175 quantum
956 4115 983 4163 in
1001 4131 1041 4164 me
1059 4123 1103 4175 est,
1127 4116 1283 4178 examinatis,
1302 4119 1390 4167 videor
1406 4118 1470 4167 mihi

215 4201 314 4266 optimo
333 4201 386 4251 iure
403 4216 496 4264 negare
514 4200 608 4249 librum
620 4199 658 4248 IV
676 4215 706 4249 ex
718 4199 822 4249 diversis
841 4200 954 4250 fontibus
974 4204 1120 4264 manavisse,
1141 4206 1278 4270 exscriptus
1295 4207 1395 4256 videtur
1406 4223 1470 4256 unus

215 4288 357 4338 Timaeus«
396 4288 473 4338 Cuius
491 4289 630 4337 sententiae
648 4302 748 4348 causas,
778 4303 840 4352 quas
863 4290 938 4353 dicit,
964 4290 1117 4357 quicumque
1135 4293 1235 4357 legerit,
1261 4294 1323 4344 mihi
1344 4296 1467 4360 ignoscet,

215 4375 259 4440 qui
278 4392 319 4424 eas
336 4374 444 4426 refutare
460 4378 646 4441 supersedeam.

269 4469 368 4517 Bethe,
382 4468 534 4521 Quaestiones·
1248 4480 1264 4530 3
