3382 5228
736 402 944 478 „35-

209 545 294 644 ient,
317 570 421 631 solum
443 570 577 631 Diodori
599 569 705 631 verbis
727 590 800 631 cum
818 568 978 649 Euripidis
1000 568 1139 648 prologo
1164 570 1358 650 comparatis
1379 569 1466 630 dubi-

214 685 327 748 tarem,
351 696 427 738 num
450 676 617 736 historicus
638 676 743 754 ipsum
766 675 952 754 Euripidem
976 681 1049 734 ante
1072 673 1185 736 oculos
1207 674 1379 735 habuisset.
1417 673 1467 735 Ne

215 782 298 843 enirn
321 780 455 843 Diodori
478 800 627 851 errorem,
650 780 703 859 qui
726 780 816 842 dicit:
849 776 1020 857 »Ἰοκάστην
1042 778 1096 856 τὴν
1117 776 1278 858 Κρέοντος,
1302 800 1466 860 urgueam,

216 908 412 968 quamquam
436 906 531 947 nemo
554 905 708 966 umquam
730 885 774 946 sic
797 905 901 946 errare
925 885 1038 964 potuit,
1062 884 1115 963 qui
1138 904 1248 946 versus
1270 885 1361 965 legit:

490 989 562 1071 »ἐγὼ
585 988 618 1050 δὲ
640 997 712 1061 παΐς
732 987 788 1068 μὲν
810 982 953 1076 κλῄζομαι
976 986 1157 1064 Μενοικέως,

484 1093 594 1175 Κρέων
616 1093 643 1156 τ’
666 1096 793 1177 ἀδελφὸς
814 1095 929 1176 μητρός
951 1093 983 1154 ἐκ
1004 1103 1076 1173 μιᾶς
1098 1091 1185 1176 ibor,

215 1202 270 1280 qui
293 1200 413 1262 factum
436 1209 501 1274 est,
533 1210 568 1262 ut
589 1201 761 1273 Diodorus
787 1201 840 1281 qui
862 1200 1020 1280 Euripidis
1042 1199 1214 1281 prologum
1238 1201 1268 1261 in
1292 1201 1469 1261 orationem

216 1307 400 1387 pedestrem
424 1308 618 1368 convertisse
641 1307 770 1378 dicitur,
801 1304 969 1366 scriberet:
1003 1303 1239 1383 »ἐπιλαθόμενος
1260 1313 1314 1365 τοῦ
1330 1313 1470 1385 χρησμοῦ

217 1412 273 1493 (sc.
297 1409 444 1492 Λόιοςμ,
468 1413 493 1472 si
515 1412 676 1492 Euripidis
697 1431 825 1472 versum
849 1427 885 1471 21
914 1411 1121 1491 inspexisset:

406 1515 439 1576 »d
462 1513 490 1576 δ
515 1517 567 1597 (sc.
584 1514 700 1599 Λόιος)
723 1516 815 1598 ἡδονῇ
837 1516 906 1587 δοὺς
929 1513 969 1587 είς
991 1538 1023 1575 τε
1044 1519 1187 1595 βακχεῖον
1208 1516 1306 1578 πεσὼν

400 1617 533 1701 ἔσπειρεν
553 1623 627 1700 ἡμῖν
645 1619 781 1682 uuidar?

214 1732 249 1784 ut
281 1724 415 1786 diceret:
451 1726 484 1786 »ὁ
513 1724 569 1805 μὲν
597 1725 768 1806 ΛάιοςῙθῧ)
798 1717 996 1808 ὑπερηφάνως
1025 1725 1165 1807 ἐκχωρεῖν
1193 1736 1248 1806 τῆς
1280 1727 1351 1787 ὁδοῦ
1379 1750 1470 1808 προς-

215 1827 354 1889 ίταττενκ
380 1831 432 1911 (sc.
457 1832 500 1913 τῷ
528 1830 686 1912 Οἰδίποδι),
711 1833 736 1892 si
759 1832 889 1892 vidisset
915 1852 1044 1893 versum
1068 1833 1146 1914 (39):

530 1937 601 1996 »καί
621 1962 665 1997 νιν
688 1937 798 1997 κελεύει
818 1936 925 1996 Λαίαν
947 1936 1173 2017 τροχηλάτηςτέ

216 2039 328 2119 Atque
358 2049 393 2100 ut
423 2042 545 2102 minora
577 2043 741 2116 omittam,
772 2041 904 2104 afferam
934 2046 1033 2105 modo
1063 2043 1141 2104 hoc:
1172 2042 1334 2105 Diodorus
1364 2045 1468 2125 primo

215 2143 290 2203 dicit
318 2143 465 2226 »(Adi'o‹,·)
489 2145 612 2226 ἔξίθηκε
634 2148 669 2208 τὸ
690 2145 819 2229 βρέφοςο
844 2158 927 2209 tum:
956 2146 1000 2208 »οἳ
1022 2147 1055 2209 δ’
1078 2148 1189 2210 οἰκέται
1212 2149 1373 2231 (nimirum
1399 2149 1469 2229 Lai)

214 2247 360 2324 λαβόντες
382 2251 417 2310 τὸ
440 2251 561 2314 παιδίον
576 2252 710 2314 ἐκθεῖναι
725 2252 781 2332 μὲν
796 2255 849 2314 οὐκ
865 2253 1036 2334 ἠθέλησαν,
1060 2252 1248 2336 ἐδωρήσαντο
1264 2252 1300 2314 δέ
1311 2261 1349 2337 τῇ
1364 2255 1469 2315 Παλό-

213 2357 271 2432 βου
293 2356 437 2436 γυναικός
476 2358 550 2419 Non
573 2355 678 2439 potuit
698 2360 741 2420 ita
764 2361 977 2421 narrationem
1000 2360 1203 2433 confundere,
1226 2361 1251 2421 si
1267 2368 1341 2421 ante
1357 2361 1469 2422 oculos

216 2460 379 2522 habuisset
402 2482 526 2524 versus:

419 2587 547 2670 (Λάιος)
575 2586 711 2666 »λειμῶν’
734 2588 763 2661 ἐς
784 2582 882 2669 Ἥρας
904 2589 953 2648 καί
976 2590 1175 2669 Κιθαιρῶνος
1196 2588 1287 2663 λέπας

332 2692 397 2771 (25)
420 2692 526 2753 δίδωσι
547 2692 737 2771 βουκόλοισιν
759 2693 894 2754 ἐκθεῖναι
915 2691 1036 2776 βρέφος,

334 2797 395 2878 (27)
419 2798 565 2874 Πολύβου
588 2796 624 2858 δέ
641 2824 687 2858 νιν
707 2798 851 2878 λαβόντες
873 2797 1083 2877 ἱπποβουκόλοι

421 2900 542 2983 φίρονσ’
566 2903 595 2975 ἒς
616 2902 714 2976 οίκονς
737 2903 777 2977 είς
799 2927 830 2965 τε
853 2904 1008 2984 δεσποίνης
1026 2902 1118 2985 χέρας

421 3004 565 3086 i'dnuam

216 3110 365 3191 Denique
388 3131 556 3192 compares
577 3114 637 3175 hos
660 3114 793 3176 Diodori
817 3115 906 3177 locos
929 3137 1001 3177 cum
1024 3115 1230 3197 Apollodoro
1252 3125 1285 3177 et
1306 3116 1467 3196 Euripide,

217 3225 252 3275 ut
275 3217 441 3288 concedas
466 3217 650 3281 historicum
673 3240 747 3281 cum
768 3220 980 3283 bibliothecae
1003 3231 1133 3283 auctore
1156 3221 1197 3282 ad
1216 3221 1349 3282 verbum
1366 3242 1469 3302 paene

216 3321 406 3393 consentire,
429 3323 616 3404 Euripidem
639 3335 746 3387 autem
770 3326 837 3387 aliis
860 3326 965 3388 verbis
988 3347 1058 3388 esse
1081 3348 1182 3388 usum.

218 3437 325 3504 (6olrol
345 3436 374 3490 δ’
394 3445 433 3500 εἰς
452 3440 543 3511 φόβον
561 3439 721 3498 πεσόντε...
817 3446 984 3511 Diodor.65.
1006 3461 1033 3496 1:
1170 3447 1231 3498 bibl.
1260 3464 1285 3511 p.
1311 3460 1344 3510 92
1374 3448 1392 3497 l.
1420 3458 1467 3511 25:

217 3525 425 3596 (71)ξυμβυίντ’
446 3529 559 3592 ἔταξαν,
588 3529 638 3586 τὸν
656 3530 722 3587 νειό-
861 3533 925 3592 roric
948 3533 978 3587 δὲ
1001 3541 1093 3588 νεανί-
1132 3532 1272 3601 Ἐτεοκλῆς
1290 3534 1322 3588 δὲ
1347 3538 1393 3586 καὶ
1411 3540 1470 3587 Πο-

321 3635 402 3684 τερον
419 3617 510 3687 πόρος
758 3638 841 3682 σκους
878 3620 1094 3692 παραλαβόντας
1136 3627 1259 3690 λυνείκης
1307 3627 1372 3694 περὶ
1424 3625 1472 3692 τῆς

289 3705 406 3774 φεύγειν
434 3705 532 3764 ἑκόντα
560 3707 641 3777 τήνδε
662 3719 723 3765 Πο-
757 3710 807 3772 τὴν
832 3706 919 3780 οἷρχὴν
941 3709 1094 3783 ὁμολογίας
1136 3715 1275 3779 βασιλείας
1292 3717 1471 3765 συντίθενται

322 3798 449 3864 λυνείκην
467 3794 570 3865 χθόνα,
758 3802 864 3852 θέσθαι
877 3799 946 3868 πρὸς
958 3796 1094 3866 ἀλλήλους
1136 3796 1207 3872 πρὸς
1242 3798 1388 3865 ἀλλήλους,
1424 3804 1472 3853 καὶ

284 3880 428 3937 Ἐτεοκλέα
455 3885 484 3938 δὲ
506 3887 624 3960 σκῆπτρ’
651 3892 723 3960 ἔχειν
759 3887 828 3958 παρ’
846 3888 974 3942 ἐνιαυτὸν
990 3887 1092 3960 ι’ίρχειν.
1137 3886 1472 3958 αι’τοῖςδοκεῑτὸνὲτερον

314 3979 446 4041 ’μένοντα
463 3979 515 4047 γῆς
1136 3975 1206 4050 παρ’
1224 3975 1352 4032 ἐνιαυτὸν
1365 3975 1469 4048 ἄρχειν.

289 4063 417 4116 ἐνιαυτὸν
438 4062 615 4118 δλλιίσσοντ’.
660 4067 721 4119 ἐπεὶ
774 4059 1002 4137 πρεσβυτίρουδ’
1014 4060 1095 4127 ὄντος
1171 4086 1197 4133 p.
1215 4082 1247 4133 93
1266 4070 1324 4120 l.1:
1352 4068 1422 4126 τινὲς
1441 4068 1471 4120 δὲ

323 4149 352 4204 δ’
373 4154 419 4207 ἐπὶ
438 4157 530 4220 ζυγοῖς
758 4151 941 4217 Ἐτεοκλέους,
995 4158 1094 4209 τοῦτον
1137 4158 1247 4227 πρῶτον
1265 4154 1394 4210 Ἐτοκλέα
1423 4151 1473 4224 δίρ-

306 4371 354 4439 ιοτ)
375 4375 412 4425 Cf·
433 4376 565 4440 sophoclis
584 4376 616 4426 Ο.
637 4378 667 4426 R.
687 4375 745 4440 805·
