3382 5228
749 432 959 495 ,49-

219 582 300 634 schol.
312 584 393 635 Orest.
404 597 454 648 990
467 581 511 650 (C)
538 584 617 636 schol.
626 588 676 651 Ap.
683 585 734 636 Rh.
743 588 764 637 I.
776 597 832 656 753.

242 675 267 718 et
284 669 391 720 Tzetzae
409 670 489 720 schol.

296 754 358 818 Lyc.
380 754 435 820 156.

607 1333 654 1383 καλ
698 1326 828 1403 χρησμὸν

533 1411 627 1483 λαβὼν
644 1411 828 1487 ἀναιρεθῆναι

533 1497 589 1555 ὑπὸ
602 1502 651 1554 τοῦ
666 1500 740 1554 ἰδίου
754 1519 827 1572 γαμ-

532 1588 602 1656 βροῦ
626 1581 677 1639 οδκ
700 1582 827 1654 ἐβούλετο

532 1671 663 1725 έκδοῦναι
681 1664 775 1736 αὐτήν,

269 2019 350 2070 schol.
362 2020 509 2084 Orest.990.

217 2105 248 2155 C.
277 2127 311 2146 =
334 2105 403 2154 thz.
428 2105 447 2154 1.
472 2105 506 2154 l.:

216 2184 233 2253 ἢ
261 2193 307 2242 καλ
343 2184 420 2258 παρὰ
459 2189 510 2243 τοῦ

217 2274 293 2326 ἰδίου
312 2268 419 2346 πατρὸς
442 2275 510 2345 έρω·

215 2361 286 2429 μένη
314 2362 361 2411 καὶ
379 2354 426 2411 διά
445 2365 511 2412 τοῦ·

216 2465 247 2498 το
275 2443 315 2512 μὴ
344 2443 510 2515 έκδιδομένη

215 2526 286 2604 πρός
296 2527 399 2601 γάμον,
417 2525 511 2589 καθώς

244 2618 272 2667 οἱ
290 2610 478 2687 ἀκριβέστεροι

216 2703 270 2754 τῶν
283 2696 511 2774 ἱστοριογράφων

216 2781 384 2858 γράφουσιν.

587 2871 612 2923 ελ
628 2864 668 2939 μὴ
686 2863 829 2936 νικήσαντι

536 2950 577 3008 δι*
603 2956 709 3009 ἵππων.

336 3122 432 3177 ἐδίδου
453 3117 509 3194 γάρ

219 3203 361 3280 Οἰνόμαος
371 3213 429 3268 τοῖς
439 3224 509 3282 μνη-

217 3295 311 3367 στῆρσι
321 3293 371 3357 τὴν
378 3288 509 3348 Ἱπποδά-

215 3397 299 3448 μειαν
318 3379 367 3432 ἐπὶ
392 3382 447 3434 τῶν
471 3383 510 3433 οἰ-

216 3469 297 3518 κείων
323 3466 398 3534 ἔχειν
419 3462 510 3539 ἁρμά-

215 3569 285 3617 των,
325 3555 386 3608 θεὶς
425 3555 511 3624 πέρας

213 3636 257 3701 (sc.
276 3637 346 3688 thz.
367 3638 451 3696 πέλας
471 3636 512 3702 C.)

215 3722 266 3773 τοῦ
285 3716 394 3793 δρόμου
412 3719 510 3788 [ἔπαθ-

216 3808 265 3860 λον
287 3800 385 3875 γάιωυ
407 3804 511 3870 (Tzetza
585 3816 730 3885 προέκειτο
738 3815 770 3868 δὲ
782 3814 829 3868 αὐ·

215 3903 240 3942 et
258 3893 294 3954 C.‚
310 3889 441 3958 delenda)]
461 3887 511 3944 τὸν
536 3889 830 3961 τοῖςΚλάδεωςποτα-

215 3982 371 4050 Κορίνθιον
395 3972 509 4050 ίαθμὸν,
535 3979 589 4058 μός
602 3980 747 4058 ἀφετηρία,
758 3981 830 4039 Ἰσθ-

215 4066 241 4115 εὶ
267 4062 418 4128 δυνηθεῖεν
442 4059 510 4133 άφι-
535 4075 589 4139 μοῖ
605 4070 637 4123 δὲ
655 4069 685 4124 τό
705 4073 800 4143 τέρμα.

215 4151 315 4202 κέσθαι
339 4150 424 4220 μέχρι
448 4145 509 4200 τοό·

215 4253 274 4287 του.

266 4505 362 4554 Bethe,
378 4503 530 4554 Quaestiones.

894 586 1000 636 Diodor.
1019 589 1064 637 IV.
1080 600 1120 653 73.
1229 591 1296 655 Hyg.
1314 591 1367 642 fab.
1388 593 1429 654 84.

1232 829 1320 879 habuit
1342 831 1368 879 in
1387 833 1472 881 coniu-

1180 913 1223 975 gio
1241 913 1365 964 Euareten
1383 917 1473 966 Acrisii

1180 996 1270 1058 filiam,
1295 1016 1325 1049 ex
1349 1018 1399 1066 qua
1416 1019 1473 1067 pro·

1179 1084 1271 1133 creavit
1322 1087 1456 1152 Hippoda-

1179 1169 1255 1218 miam
1272 1170 1395 1234 virginem
1419 1173 1472 1222 exi·

1178 1254 1243 1303 miae
1261 1254 1363 1315 formae,

915 1338 1148 1408 χρηστηριαζομέ·
1228 1355 1303 1404 quam
1323 1341 1388 1390 nulli
1414 1340 1471 1390 ideo

853 1440 892 1490 νῳ
924 1421 956 1474 δὲ
980 1417 1056 1490 αὐτῷ
1083 1425 1148 1491 περὶ
1176 1424 1253 1473 dabat
1267 1425 1294 1473 in
1313 1425 1469 1489 coniugium,

853 1507 900 1572 τῆς
923 1508 1049 1573 τελευτῆς
1073 1507 1150 1574 ἔχρη·
1177 1509 1246 1574 quod
1262 1509 1308 1558 sibi
1323 1525 1471 1575 responsum

854 1608 900 1646 σεν
935 1587 950 1643 ό
988 1588 1054 1651 θεὸς
1086 1586 1149 1644 τότε
1176 1595 1224 1644 fuit
1237 1610 1352 1658 agenero
1365 1604 1471 1644 mortem

854 1671 1025 1744 τελευτήσειν
1065 1671 1150 1728 αὐτὸν
1176 1687 1285 1730 caveret.

855 1757 948 1826 ὅτανὴ
959 1759 1086 1832 θυγάτηρ
1096 1759 1150 1814 Ἰπ-

855 1842 999 1918 ποδάμεια
1056 1864 1149 1900 συνοι-

856 1928 932 2007 κὴση.

908 2908 914 2922 .
926 2908 932 2921 .
944 2908 950 2920 .
962 2864 1061 2942 διόπερ
1080 2872 1148 2921 πολ·
1227 2869 1316 2933 Itaque
1331 2886 1389 2920 cum
1401 2887 1469 2920 com·

855 2955 1150 3026 λωνμνηστευομένων
1176 2955 1259 3019 plures
1283 2971 1339 3005 eam
1356 2963 1471 3022 peterent

856 3034 906 3105 τὴν
930 3035 1029 3112 κόρην,
1060 3035 1149 3091 ἆθλον
1175 3041 1202 3088 in
1212 3040 1366 3105 coniugium,
1385 3041 1471 3091 simul·

856 3129 1001 3195 προετίθει
1016 3130 1074 3184 τοῖς
1085 3131 1149 3192 βου·
1176 3131 1252 3174 tatem
1277 3126 1421 3186 constituit,
1446 3141 1472 3174 se

856 3211 981 3280 λεμένοις
998 3204 1086 3276 αὐτὴν
1100 3211 1149 3276 γῆ·
1176 3211 1471 3276 eidaturum,quisecum

854 3313 908 3363 μαι
925 3297 1063 3348 τοιοῦτον.
1095 3295 1151 3348 ἔδει
1177 3295 1305 3360 quadrigis
1354 3303 1472 3345 certasset

855 3377 975 3453 τὸνμὲν
997 3374 1151 3446 ἡττηθέντα
1193 3381 1323 3446 victorque
1362 3380 1454 3429 exisset

856 3466 1023 3532 τελευτῆσαι,
1035 3463 1084 3516 τόν
1097 3464 1119 3517 δ
1125 3465 1151 3516 ἐ·
1179 3463 1259 3530 (quod
1271 3466 1292 3514 is
1304 3482 1382 3530 equos
1391 3464 1471 3529 Aqui·

855 3543 1012 3618 πιτυχόντα
1047 3553 1150 3623 γαμεῖν
1176 3550 1234 3599 lone
1262 3551 1399 3600 velociores
1426 3551 1470 3600 ba·

856 3631 905 3701 τὴν
921 3633 1012 3707 κόρην.
1033 3628 1151 3700 ὑπεστὴ-
1176 3633 1252 3700 buit),
1276 3635 1357 3685 victus
1386 3645 1470 3685 autem

857 3735 927 3774 σατο
952 3720 984 3773 δὲ
1010 3721 1151 3792 ἱπποδρο-
1176 3719 1364 3769 interficeretur.

856 3811 927 3877 μίαν
951 3799 1010 3857 άπὸ
1032 3805 1079 3869 τῆς
1097 3811 1151 3857 Πί-

857 3908 905 3958 σης
917 3888 1004 3962 μέχρι
1015 3899 1066 3942 τοῦ
1081 3888 1151 3942 κατὰ

856 3981 1002 4049 Κορίνθου
1035 3971 1151 4046 Ἰσθμοῦ

856 4059 928 4134 πρὸς
963 4055 1012 4113 τὸν
1055 4056 1151 4131 βωμόν

856 4153 906 4200 τοῦ
964 4144 1150 4209 Ποσειδῶνος,

856 4231 906 4299 τὴν
925 4231 956 4286 δὲ
977 4227 1080 4302 ἔφεσιν
1097 4229 1150 4283 τῶν

856 4320 953 4372 ἵππων
966 4319 1080 4383 ἐποίησε
1092 4334 1150 4369 τοι·

856 4399 950 4470 αότην.
969 4399 984 4454 ὁ
1000 4402 1054 4475 μὲν
1067 4397 1148 4457 Οἰνό-

1249 4500 1266 4546 4
