3382 5228
783 459 995 506 „20-

263 617 413 679 Medeam
436 613 574 677 Athenis
597 633 640 676 ex
662 613 778 695 Aegeo
808 612 908 676 filium
931 614 1095 695 peperisse
1117 612 1267 687 Medum,
1296 621 1331 675 ut
1352 612 1528 676 Diodorus

264 734 300 801 55
326 724 345 797 ,ξ
371 734 385 799 5
412 720 455 782 ita
483 718 706 801 Apollodorus
729 740 760 801 p.
786 735 835 799 37,
865 719 884 781 l.
913 736 924 780 r
957 728 990 782 et
1020 718 1170 799 Hyginus
1201 715 1327 780 sabulae
1358 717 1399 778 26
1428 718 1526 782 initio

264 827 403 890 tradunt.
447 824 613 886 Diodorus
635 825 747 907 capitis
773 826 812 904 56
834 826 922 887 initio
945 825 1029 886 idem
1052 824 1168 905 repetit
1197 832 1230 886 et
1252 824 1358 906 pergit
1380 823 1525 887 Medeae

263 933 382 1014 filiique
405 931 493 993 Medi
514 938 619 991 sortes
641 950 777 993 narrare.
814 930 906 992 Hanc
929 939 1038 992 autern
1061 928 1203 992 fabulam
1224 951 1244 992 a
1264 929 1424 1010 Dionysio
1445 950 1521 993 esse

261 1039 399 1101 alienam
421 1055 485 1097 non
509 1034 612 1097 minus
635 1033 839 1098 manifestum
867 1045 932 1110 est,
967 1055 1040 1098 cum
1070 1035 1132 1098 hoc
1162 1035 1235 1098 loco
1257 1035 1387 1109 Persus,
1419 1056 1521 1116 quem

262 1140 499 1224 Scytobrachio
528 1139 570 1202 ab
600 1140 725 1202 Hecata
757 1139 821 1203 filia
861 1149 1010 1204 necatum
1047 1161 1117 1205 esse
1153 1142 1291 1203 narravit
1318 1144 1356 1220 (c.
1380 1155 1419 1219 45
1453 1142 1523 1220 §a

262 1279 305 1303 =
321 1247 420 1310 schol.
444 1246 599 1327 Apollon.
622 1246 683 1308 Rh.
707 1246 762 1310 ΙΙΙ.
780 1248 863 1326 200),
887 1267 907 1308 a
925 1247 1024 1309 Medo
1046 1246 1258 1321 interficiatur,
1282 1267 1379 1327 quarn
1402 1248 1522 1325 elucet,

260 1353 474 1419 bibliothecae
511 1360 544 1412 et
576 1350 697 1432 Hygini
731 1349 857 1415 fabulae
890 1369 929 1433 27
960 1373 1030 1415 esse
1068 1353 1293 1435 propinquam.
1336 1352 1521 1435 Complecti

261 1470 370 1523 autem
399 1457 580 1519 Diodorum
614 1466 647 1518 et
677 1459 765 1538 quod
796 1457 1019 1539 Apollodorus
1051 1468 1084 1521 et
1115 1461 1202 1539 quod
1232 1459 1382 1541 Hyginus
1411 1457 1521 1535 refert,

262 1564 353 1628 facile
373 1562 579 1646 perspicitur:

427 1689 534 1740 Diodor.
553 1690 598 1739 IV.
618 1689 658 1753 56.
681 1702 708 1738 1:
1041 1693 1102 1744 bibl.
1121 1709 1146 1757 p.
1165 1702 1208 1755 37,
1228 1692 1245 1743 l.
1265 1704 1279 1757 5
1298 1708 1370 1757 sqq.:

409 1779 499 1848 φασιν
536 1771 622 1841 αὐτὴν
653 1776 697 1839 (sc.
732 1770 874 1842 Μήδειαν)
959 1775 1074 1845 Μήδεια
1088 1779 1118 1832 δὲ
1133 1781 1173 1839 εὶς
1183 1775 1314 1846 Κόλχους
1328 1775 1414 1846 ἦλθεν
1427 1779 1521 1850 ἄγνω-

263 1907 270 1919 .
297 1906 303 1919 .
327 1905 333 1917 .
360 1869 400 1925 εἰς
420 1859 549 1931 Κόλχους
573 1865 755 1931 διασωθῆναι.
793 1858 873 1915 Κατὰ
909 1882 973 1927 στος
990 1871 1037 1920 καὶ
1055 1870 1249 1934 καταλαβοῦσα
1266 1865 1374 1935 Αἰήτην
1391 1866 1449 1922 ὑπὸ
1468 1876 1525 1924 τοῦ

266 1956 296 2009 δὲ
315 1961 417 2008 τοῦτον
446 1948 497 2006 τὸν
523 1947 630 2022 χρόνον
652 1949 760 2020 Αἰήτην
777 1951 807 2004 lx
827 1953 875 2016 τῆς
909 1951 1034 2027 ἀδελφοῦ
1061 1960 1170 2028 Πέρσου
1199 1960 1247 2021 τῆς
1277 1961 1417 2025 βασιλείας
1448 1960 1523 2014 ἔστε·

263 2047 406 2111 βασιλείας
426 2035 482 2094 ὑπὸ
500 2039 642 2112 τάδελφοῦ
655 2045 765 2110 Πέρσαι·
778 2045 875 2108 βιαίως
908 2047 1028 2117 ρημένον

262 2128 462 2187 ἐκπεπτωκότα

908 2249 1037 2297 κτείνασα
1054 2250 1155 2298 τοῦτον

264 2346 314 2416 τὴν
333 2343 421 2418 ἀρχὴν
440 2334 661 2412 ἀνακτήσασθαι,
909 2353 947 2419 τῷ
966 2356 1052 2424 πατρὶ
1064 2350 1115 2419 τὴν
1127 2356 1271 2417 βασιλείαν
1285 2351 1520 2418 ἀποκατέστησεν.

266 2455 373 2524 Μήδου
401 2460 450 2525 τῆς
479 2457 609 2522 Mndtlac
644 2449 791 2513 ἀνελόντος
825 2448 875 2507 τδν
961 2464 1030 2527 Hyg.
1048 2463 1099 2513 rab.
1117 2475 1164 2525 27:
1281 2465 1372 2513 Medus
1390 2480 1416 2512 re
1434 2463 1524 2512 audita

264 2553 382 2619 Πέρσην.
910 2552 1001 2600 Persen
1018 2551 1139 2602 interiecit

263 2653 335 2729 μετὰ
355 2655 386 2709 δὲ
403 2665 491 2707 ταῦτα
506 2648 652 2723 δυνάμεως
664 2652 783 2722 ἐγκρατῆ
795 2646 876 2719 γενὸ·
909 2676 1066 2725 regnumque
1084 2661 1178 2711 avitum
1196 2661 1316 2726 possedit,

262 2764 350 2819 μενον
368 2744 418 2799 τὸν
435 2745 541 2808 Μῆδον

264 2855 371 2919 πολλὴν
389 2855 520 2908 ἐπελθεῖν
539 2854 586 2918 τῆς
608 2850 677 2920 ὑπὲρ
696 2848 747 2904 τὸν
764 2844 875 2902 Πόντον
961 2857 1023 2907 bibl.
1042 2875 1067 2922 p.
1080 2868 1121 2924 37,
1138 2859 1155 2907 l.
1168 2872 1185 2918 4
1197 2874 1266 2922 sqq.:
1287 2851 1347 2908 ἀλλ’
1368 2842 1449 2915 οὗτος
1466 2855 1523 2928 μὲν

260 2942 355 3004 Ἀσίας
380 2947 427 2996 καὶ
455 2945 604 3009 κατασχεῖν
626 2939 676 3002 τὴν
695 2934 749 2992 ἀπ’
770 2938 876 2992 ἐκείνου
909 2944 954 3009 (sc.
980 2941 996 2998 ὁ
1018 2945 1129 3011 Μῆδος)
1154 2946 1268 2997 πολλῶν
1292 2938 1428 3014 κρατήσας
1451 2951 1520 3016 βαρ-

265 3035 545 3103 ττροσαγορευδεῖσαν
566 3029 693 3094 Μηδίαν.
911 3027 1005 3101 βόρων
1022 3030 1075 3099 τὴν
1096 3029 1148 3103 ὑφ’
1168 3028 1269 3086 ἑαυτὸν
1289 3030 1387 3104 χώραν
1405 3027 1521 3088 ἅπασαν

910 3121 1030 3186 Μηδίαν
1042 3115 1161 3183 ἐκάλεσε,
1178 3123 1226 3173 καλ
1240 3117 1459 3194 στρατευόμενος
1471 3123 1521 3176 ἐπὶ

908 3204 1012 3268 Ἰνδοὺς
1030 3205 1164 3263 ἀπέθανε.

963 3300 1032 3363 Hyg.
1048 3311 1079 3361 27
1091 3315 1111 3349 s.
1123 3300 1141 3350 i.
1158 3329 1189 3337 —
1208 3316 1239 3350 ex
1256 3317 1302 3350 suo
1314 3302 1416 3351 nomine
1428 3310 1521 3352 terram

911 3386 1023 3435 Mediam
1041 3389 1239 3451 cognominavit.

353 3484 459 3548 Etiam
489 3485 639 3547 Medeam
669 3483 807 3546 Athenis
840 3485 974 3549 eiectam
1007 3507 1093 3561 esse,
1131 3509 1205 3551 cum
1234 3489 1363 3556 Theseo
1393 3494 1523 3558 insidias

267 3591 446 3674 paravisset
462 3591 606 3673 (Diodor.
625 3602 661 3669 55
686 3590 763 3669 βό),
788 3590 903 3672 legitur
925 3593 1033 3654 itidem
1049 3594 1080 3655 in
1094 3593 1288 3659 bibliotheca
1307 3601 1350 3680 (p.
1371 3616 1419 3680 37,
1443 3599 1462 3662 l.
1478 3602 1521 3681 2).

267 3698 380 3779 Atque
403 3697 509 3759 eidem
532 3696 653 3757 auctori
675 3695 839 3758 Diodorus
861 3696 978 3759 debere
1001 3698 1141 3772 videtur,
1171 3722 1254 3782 quae
1285 3705 1347 3782 §6
1375 3714 1449 3785 et7
1480 3705 1522 3768 de

268 3803 404 3866 Medeae
427 3801 458 3862 in
480 3799 594 3861 Asiam
618 3799 694 3881 luga
716 3810 838 3878 narrat;
867 3822 1063 3881 quamquam
1084 3804 1164 3868 haec
1187 3808 1217 3869 in
1240 3807 1434 3872 bibliotheca
1457 3831 1522 3872 non

269 3908 475 3989 reperiuntur,
498 3914 607 3967 tamen
622 3905 736 3968 similia
751 3908 837 3988 apud
853 3907 1041 3970 Pausaniam
1056 3909 1204 3990 leguntur
1218 3933 1257 3974 eo
1278 3913 1360 3988 loco,
1385 3915 1438 3977 ubi
1458 3916 1522 3978 iam

269 4032 365 4094 supra
388 4010 504 4073 eodem
528 4007 625 4083 sonte,
654 4029 719 4088 quo
741 4011 904 4075 Diodorus
927 4023 959 4075 et
981 4013 1212 4096 Apollodorus,
1237 4039 1311 4080 eum
1334 4041 1427 4083 usum
1450 4040 1522 4083 esse

267 4117 414 4188 vidimus,
438 4113 477 4175 ΙΙ.
504 4129 529 4192 3.
555 4116 575 4192 ᾖ
599 4114 677 4193 82³).

352 4293 373 4298 ...
391 4289 476 4297 ----·

338 4407 372 4473 28)
397 4409 533 4458 Pausanias
550 4410 619 4459 varia
635 4410 734 4459 videtur
752 4413 930 4465 contaminare.
