3382 5228
215 582 416 663 doceant4⁶),
456 602 566 645 revera
594 581 675 643 illius
708 580 835 644 fabulae
867 590 1033 651 auctorem
1066 601 1137 644 esse
1170 581 1263 644 nobis
1298 602 1337 644 eo
1369 583 1472 662 magis

215 688 455 768 persuademus.
509 686 606 767 Quod
643 686 799 767 probatur
835 686 953 748 collata
991 686 1205 768 descriptione
1241 683 1345 770 Aorni
1382 687 1471 749 lacus

215 795 268 873 (22
292 795 312 872 ξ
340 794 368 872 1)
393 813 466 854 cum
489 789 820 853 Pseudo-Aristotelis
843 791 1035 853 mirabilium
1057 791 1326 853 auscultationum
1346 812 1374 854 c.
1402 807 1470 865 102,

215 898 304 978 quod
327 896 464 959 Carolus
487 895 684 959 Mullenhoff
708 895 727 960 l.
757 896 776 958 l.
800 917 832 976 p.
855 913 919 976 439
950 895 1136 958 Callimachi
1169 895 1354 958 testimonio
1384 899 1471 977 apud

215 1003 417 1083 Antigonum
432 1001 613 1081 Carystium
630 1003 669 1081 (c.
690 1015 748 1080 152
771 1000 809 1066 cf.
831 1021 859 1063 c.
881 1003 952 1081 129)
976 1002 1061 1062 nisus
1084 1022 1102 1064 e
1124 985 1260 1063 Timaeo
1281 1010 1471 1082 excerptum

215 1127 286 1169 esse
309 1108 411 1169 evicit.

300 1212 424 1275 Fabula
446 1213 486 1273 de
509 1212 615 1291 Eryce
638 1210 775 1271 Veneris
798 1218 831 1271 et
853 1210 955 1272 Butae
978 1209 1053 1283 filio,
1079 1230 1176 1290 quam
1198 1210 1362 1272 Diodorus
1385 1231 1412 1274 c.
1430 1224 1470 1289 23

215 1321 235 1396 ξ
260 1333 277 1378 2
300 1319 381 1379 inter
403 1319 467 1378 duo
490 1316 615 1377 Timaei
646 1314 778 1376 frustula
799 1315 912 1389 tradit,
942 1315 1088 1378 videlicet
1119 1324 1187 1377 arte
1217 1315 1369 1378 cohaeret
1397 1333 1472 1377 cum

216 1424 319 1503 capite
341 1423 392 1500 83.
439 1420 536 1501 Quod
559 1422 797 1482 demonstratur
819 1418 910 1481 Servi
942 1420 1065 1482 scholio
1096 1421 1136 1482 ad
1159 1419 1283 1500 Vergili
1306 1421 1471 1483 Aeneidos

216 1528 235 1590 l.
259 1529 282 1589 Ι.
307 1549 336 1589 v.
362 1542 438 1608 570:
468 1527 578 1605 »Eryx
599 1525 735 1586 Veneris
765 1533 798 1587 et
827 1525 929 1587 Butae
959 1523 1041 1586 filius
1072 1524 1129 1586 fuit
1154 1525 1207 1605 (=
1221 1525 1354 1588 Diodor.
1378 1545 1405 1586 c.
1430 1541 1470 1586 22

216 1635 379 1711 §2=c.
404 1634 444 1710 83
468 1635 488 1711 ὅ
516 1634 560 1710 1),
591 1630 644 1710 qui
676 1631 799 1692 occisus
829 1629 870 1691 ab
893 1629 1034 1691 Hercule
1056 1632 1110 1709 (=
1124 1630 1258 1691 Diodor.
1282 1650 1307 1691 c.
1333 1645 1373 1709 23
1397 1633 1417 1709 ὅ
1441 1631 1470 1711 2)

216 1739 317 1800 monti
350 1758 392 1800 ex
426 1736 590 1818 sepultura
623 1755 681 1797 sua
715 1755 833 1797 nomen
862 1734 1031 1813 imposuit;
1066 1735 1098 1797 in
1129 1754 1194 1815 quo
1228 1735 1320 1796 matri
1353 1733 1472 1797 fecerat

216 1826 390 1924 templum«
417 1845 471 1922 (=
485 1841 619 1904 Diodor.
644 1861 670 1902 c.
695 1841 733 1920 83
759 1843 779 1919 ξ
806 1841 842 1919 1).
886 1839 1000 1918 Erycis
1024 1859 1101 1901 vero
1125 1838 1267 1902 fabulam
1290 1859 1333 1900 ex
1354 1842 1471 1902 eodem

216 1948 319 2038 tonte,
351 1969 393 2010 ex
423 1966 487 2026 quo
510 1945 689 2026 Daphnidis
719 1945 870 2025 sumpsit,
901 1964 935 2004 se
966 1943 1110 2006 hausisse
1140 1944 1303 2006 Diodorus
1333 1945 1471 2007 indicare

215 2055 340 2115 videtur
375 2052 480 2115 verbis
517 2052 580 2113 his:
627 2049 711 2131 »περὶ
748 2048 781 2110 δὲ
817 2048 973 2131 Δάφνιδος
1004 2049 1054 2109 καὶ
1091 2039 1223 2130 ’Ἐρυκος
1259 2048 1470 2131 πειρασόμεθα

215 2159 364 2219 διελθεῖν(
391 2161 429 2238 (c.
454 2158 494 2235 83
519 2160 538 2235 ἓ
566 2158 602 2235 1)'.
648 2153 731 2216 Cum
765 2163 873 2215 autem
895 2153 1076 2236 Daphnidis
1106 2153 1246 2216 fabulam
1270 2173 1313 2216 ex
1333 2154 1470 2217 Timaeo

214 2263 344 2326 fluxisse
376 2261 458 2324 Otto
487 2260 622 2323 Sieroka
652 2259 771 2321 collato
801 2261 907 2339 capite
937 2261 979 2336 84
1010 2279 1084 2320 cum
1113 2258 1261 2325 Partheni
1296 2259 1400 2339 capite
1430 2274 1471 2338 29

214 2368 407 2444 ostenderit,
436 2367 595 2447 sequitur,
627 2384 673 2438 ea,
699 2384 782 2444 quae
803 2364 967 2426 Diodorus
988 2366 1028 2426 de
1051 2365 1157 2445 Eryce
1187 2374 1219 2427 et
1241 2365 1346 2446 capite
1371 2365 1410 2443 83
1435 2374 1468 2427 et

213 2475 318 2554 capite
346 2489 385 2551 23
418 2480 539 2544 narrat,
577 2469 687 2531 itidem
717 2469 814 2530 etiam
850 2467 940 2530 Servi
972 2470 1130 2532 scholium
1160 2469 1370 2532 adscribenda
1399 2489 1470 2532 esse

214 2578 408 2656 Timaeoffl).

298 2683 373 2744 Non
401 2702 478 2744 vero
502 2701 636 2762 possum
665 2680 861 2741 narrationes
884 2681 925 2742 de
948 2679 1095 2742 Herculis
1118 2689 1150 2741 et
1172 2680 1284 2768 Erycis
1306 2699 1416 2759 pugna
1438 2687 1471 2741 et

214 2788 255 2849 de
295 2788 415 2849 Dorieo
453 2785 713 2847 Lacedaemonio
748 2785 852 2847 eidem
890 2783 1041 2847 historico
1079 2805 1143 2846 non
1179 2785 1327 2847 tribuere.
1385 2783 1470 2845 Nam

214 2904 384 2975 utramque
408 2912 450 2954 ex
473 2911 536 2952 uno
559 2891 740 2970 eodemque
763 2888 852 2951 fonte
875 2910 1022 2951 manasse
1050 2890 1091 2951 ad
1114 2891 1226 2952 oculos
1248 2890 1471 2951 demonstrant

214 2998 389 3059 Pausaniae
413 2997 432 3058 l.
457 2996 510 3057 III.
536 3016 562 3057 c.
591 2996 627 3055 16
651 2997 671 3073 ξ
693 3003 765 3071 4et
783 3008 810 3072 5.
857 2994 887 3056 Is
910 2996 994 3056 enim
1017 2995 1057 3056 de
1080 2995 1201 3056 Dorieo
1225 2995 1391 3067 disserens,
1417 2994 1470 3073 qui

215 3082 375 3164 coloniam
398 3101 429 3162 in
451 3101 625 3181 Erycinam
655 3101 820 3179 regionem
842 3101 979 3173 duxerit,
1010 3100 1120 3162 itidem
1143 3111 1265 3174 narrat,
1295 3097 1469 3160 Herculem

215 3228 289 3269 cum
311 3205 470 3285 Geryonis
493 3205 597 3266 bubus
620 3205 761 3266 inillam
784 3206 948 3285 regionem
971 3203 1152 3285 profectum
1175 3223 1248 3264 cum
1270 3204 1377 3284 Eryce
1399 3224 1469 3264 esse

217 3383 422 3392 ..———-—

300 3497 337 3564 ⁴⁶)
366 3497 472 3548 Carolus
483 3496 648 3546 Mullenhoff:
671 3497 800 3546 Deutsche
811 3496 1036 3545 Altertumskunde
1049 3497 1069 3547 I.
1082 3513 1107 3561 p.
1120 3497 1257 3560 433-436
1275 3496 1470 3560 Lycophronem

216 3590 321 3637 Timaeo
341 3589 366 3636 in
385 3587 459 3636 rebus
477 3585 581 3647 Italicis,
604 3601 656 3634 non
673 3585 744 3648 Lyco
762 3592 832 3649 patre
849 3600 895 3633 suo
914 3569 987 3634 usum
1006 3600 1060 3633 esse
1078 3585 1265 3634 demonstravit.
1409 3564 1410 3568 Ἰ

299 3674 335 3741 ⁴⁶)
364 3676 480 3724 Ceterum
498 3682 574 3739 caput
587 3674 619 3738 83
632 3673 692 3721 inde
706 3689 722 3721 a
734 3672 817 3721 verbis
830 3670 846 3737 ἐ
861 3687 890 3722 2;
914 3664 1076 3741 »θαυμάσαι
1094 3668 1130 3723 δ”
1145 3663 1180 3723 lb
1192 3691 1233 3730 τις
1245 3666 1369 3740 εἰκότως(
1391 3688 1470 3736 usque

216 3767 247 3814 ad
267 3762 284 3830 ξ
299 3777 312 3826 7
331 3766 363 3813 ab
381 3764 437 3828 ipso
455 3762 570 3811 Diodoro
588 3762 702 3810 additum
721 3770 767 3810 est.
805 3762 871 3810 Nam
889 3777 971 3825 neque
989 3760 1108 3810 Timaeus
1126 3768 1212 3809 auctor
1230 3777 1282 3809 esse
1301 3768 1392 3824 potest,
1413 3777 1470 3808 cum

216 3851 399 3918 §4Siciliam
422 3859 501 3901 totam
526 3850 680 3900 aRomanis
704 3849 842 3912 subjectam
867 3865 920 3898 esse
944 3850 1056 3911 dicatur,
1082 3856 1107 3898 et
1130 3849 1209 3898 oratio
1234 3856 1302 3898 recta
1324 3847 1471 3913 scriptorem

216 3941 300 4004 ipsum
318 3940 389 4003 loqui
401 3939 519 3989 ostendit.
548 3939 666 3988 Ceterum
679 3954 763 3987 revera
775 3939 904 3987 Romanos
919 3937 1052 4001 diligenter
1064 3939 1189 3986 Venerem
1208 3936 1344 4001 Erycinam
1364 3935 1472 3985 coluisse

216 4029 265 4077 iam
284 4036 382 4077 constat
400 4027 605 4092 inscriptionibus
623 4025 713 4075 votivis
731 4026 758 4074 in
778 4027 833 4090 ipso
847 4028 926 4090 Eryce
942 4034 1028 4075 monte
1046 4034 1071 4074 et
1088 4024 1142 4074 aliis
1160 4025 1222 4073 locis
1236 4022 1315 4088 (velut
1328 4022 1470 4090 Syracusis)

216 4117 331 4167 inventis.
368 4116 456 4165 Edidit
474 4131 515 4164 eas
534 4115 682 4163 Theodorus
700 4115 843 4164 Mommsen
861 4115 891 4164 C.
909 4116 930 4165 I.
948 4116 977 4164 L.
996 4114 1047 4164 vol.
1060 4114 1093 4163 X.
1108 4126 1132 4174 2,
1153 4129 1174 4164 c.
1187 4112 1272 4162 XVII.
1288 4130 1313 4177 p.
1328 4113 1471 4177 746-750.

216 4204 402 4267 Coniungenda
413 4211 451 4252 est
463 4220 521 4252 cum
533 4203 651 4252 Partheni
665 4210 690 4252 et
704 4202 812 4251 Diodori
826 4202 857 4251 de
869 4203 1007 4268 Daphnide
1021 4201 1205 4250 narrationibus
1223 4209 1248 4249 et
1265 4200 1353 4250 itidem
1366 4201 1472 4249 Timaeo

217 4293 377 4341 attribuenda
396 4292 495 4340 Aeliani
519 4308 570 4340 var.
593 4291 652 4340 hist.
684 4292 716 4341 X.
738 4291 782 4351 18,
809 4291 853 4340 ubi
878 4291 1046 4341 Stesichorum
1070 4289 1213 4339 bucolicam
1236 4289 1325 4354 poesin
1348 4289 1473 4354 incepisse

216 4382 358 4430 adnotatur.

1231 4460 1267 4526 32
