3382 5228
736 437 946 502 ..59-

215 591 321 641 Diodor.
347 592 395 642 III.
420 591 461 653 64.
485 604 509 654 3.
554 590 661 641 Diodor.
679 591 724 642 IV.
744 604 767 640 2.
787 605 811 640 2.
857 594 919 644 bibl.
931 611 957 659 p.
968 593 1008 658 85.
1021 594 1039 645 l.
1052 607 1084 656 29
1094 611 1149 659 sqq.
1211 597 1280 659 Hyg.
1303 595 1355 646 sab.
1382 607 1439 660 179.

215 671 264 738 τὴν
285 671 417 744 δ’Ἦραν
433 677 509 742 ζηλο-
536 673 614 736 δόξαν
645 679 832 747 καταηρονεῖν
886 673 1149 745 ἡδὲίξαπατηθεῖσα
1177 681 1474 745 quodlunocumresciit⁷

215 769 359 812 τυποῦσαν
378 763 425 812 καὶ
442 768 510 827 βου·
537 756 626 818 αὐτῶς.
859 760 912 815 ὑπὸ
936 758 1036 837 Ἥρας,
1053 781 1150 831 Ικατα·
1177 765 1259 831 specie
1290 765 1419 815 immutata
1447 768 1473 815 in

232 846 351 913 λομένην
371 850 490 917 τιμωρίᾳ
856 843 1152 922 νεύσαντοςαῶτῇΔιὸς
1179 846 1296 916 [Beroen]
1319 851 1475 915 nutricem)

214 934 373 1002 περιβαλεῖν
389 930 441 998 την
459 928 510 982 ἄν·
856 936 914 986 πᾶν
926 929 957 986 τὸ
968 935 1084 1001 αἰτηθὲν
1093 953 1152 987 ποι·
1178 937 1211 984 ad
1229 951 1284 984 eam
1297 935 1366 984 venit
1380 943 1405 984 et
1417 952 1474 1001 per-

213 1021 346 1083 θριυπον,
372 1014 510 1087 ὁμοιωθῆ-
857 1017 940 1085 ησειν,
1178 1020 1262 1078 suasit,
1284 1028 1311 1069 ut
1328 1028 1423 1084 peteret
1441 1022 1476 1069 ab

214 1121 259 1156 ναι
287 1106 341 1173 μέν
372 1120 425 1156 τινι
455 1106 510 1156 τῶν
1172 1105 1247 1166 love,

214 1184 357 1256 ἀποδοχῆς
408 1207 510 1257 τνγχα·

213 1277 331 1341 νουσῶν,
351 1271 509 1348 παρακρού-

215 1366 321 1412 σασθαι
377 1359 408 1412 δὲ
459 1354 509 1426 ''l''
1178 1349 1206 1390 ut
1225 1343 1315 1390 eodem
1339 1345 1416 1392 modo
1443 1345 1476 1392 ad

214 1449 356 1517 Σεμέλην·
419 1449 509 1496 εἰπεῖν
1179 1442 1224 1486 ὅθι
1271 1429 1401 1490 quomodo
1443 1430 1476 1477 ad

214 1528 268 1604 γὰρ
311 1526 381 1600 πρὸς
423 1526 508 1595 αὐτὴν
1179 1513 1303 1560 Iunonem
1314 1511 1417 1570 veniret,
1432 1522 1477 1561 »ut

214 1615 256 1669 ὅτι
304 1618 428 1681 καθῆκον
474 1610 507 1682 ἦν
1178 1596 1342 1659 intellegas«,
1380 1596 1472 1661 inquit,

214 1698 262 1756 τὸν
285 1705 342 1755 Δία
366 1698 438 1771 μετὰ
461 1704 508 1768 τῆς
1181 1697 1261 1747 »quae
1297 1680 1329 1729 sit
1357 1682 1478 1746 voluptas

213 1789 378 1857 ἐπιφανείας
407 1806 436 1842 τε
461 1789 508 1839 καὶ
1178 1782 1237 1815 cum
1271 1766 1320 1813 deo
1357 1781 1476 1815 mcum·

213 1875 294 1945 τιμῆς
302 1878 446 1927 ποιεῖσθαι
458 1869 509 1940 τὴν
1178 1853 1263 1902 bem·

214 1958 337 2030 ὁμιλίαν,
358 1947 427 2033 ᾗπερ
436 1961 508 2030 χρῆ-

213 2065 258 2099 ται
276 2045 347 2099 κατὰ
370 2041 419 2112 τὴν
438 2041 508 2112 πρὸς

214 2131 264 2197 τὴν
273 2131 361 2202 Ἥραν
373 2147 508 2200 συμπερι-

216 2213 317 2288 φορῶν.

249 2316 294 2372 διὸ
315 2316 430 2373 καὶτὸν
456 2320 509 2390 μίν
569 2316 666 2394 ιλιόνιερ
683 2317 733 2373 ὑπ’
749 2317 831 2383 αὐτῆς
857 2325 972 2374 αἰτεῖται
1026 2329 1155 2376 τοιοῦτον
1248 2327 1333 2392 itaque
1377 2330 1477 2380 Semele

215 2411 286 2469 Δία,
313 2406 359 2472 τῆς
385 2407 510 2474 Σεμέλης
537 2408 754 2475 παρακληθῆναι
784 2404 832 2464 τὰς
858 2404 944 2460 αὐτὸν
966 2407 1074 2472 ἐλθεῖν,
1095 2401 1154 2469 οἶος
1182 2411 1254 2475 petiit
1271 2429 1286 2461 a
1304 2399 1372 2473 Iove,
1396 2425 1422 2464 ut
1441 2418 1477 2465 ita

215 2487 344 2557 ἀξιούσης
360 2485 510 2560 τυγχάνειν
537 2488 689 2551 ἐπιπλοκὰς
732 2487 833 2560 ὁμοίας
859 2483 1155 2563 ἦλθεμνηστευόμενος
1180 2496 1275 2546 veniret
1293 2498 1326 2547 ad
1344 2514 1378 2548 se.

216 2578 272 2629 τῶν
290 2573 444 2648 ἴσωνἮρᾳ
470 2595 511 2627 τι·
538 2581 683 2629 ποιεῖσθαι
696 2582 756 2636 ταῖς
766 2576 834 2648 πρὸς
854 2575 951 2648 Ἥραν.
977 2578 1048 2636 Ζεὺς
1066 2576 1096 2629 ll
1114 2575 1153 2650 μὴ

215 2661 283 2732 μῶν,
442 2699 445 2705 ·
537 2662 588 2726 τῆν
599 2659 689 2727 Ἥραν
699 2675 833 2733 συμπερι-
860 2659 1016 2735 δυνάμενος
1037 2660 1154 2717 ἀνανεῦ-

540 2749 648 2817 φοραῖς.
861 2765 915 2813 σαι,

216 2851 427 2918 παραγενέσθαι
439 2865 508 2918 μετα
572 2844 622 2901 τὸν
675 2848 729 2918 μὲν
781 2844 832 2902 οὖν
858 2855 1040 2922 παραγίνεται
1054 2854 1092 2911 ελς
1103 2849 1152 2904 τὸν
1232 2853 1290 2915 Qua
1304 2854 1477 2920 reimpetrata

216 2936 340 3007 βροντῶν
383 2937 430 2986 καὶ
467 2952 511 2988 ιιε-
538 2936 593 2988 Δία
672 2932 832 3007 παραγενό-
887 2932 1020 3008 θιίλαμον
1040 2932 1123 2997 αὐτῆς
1179 2938 1248 2988 Iovis
1277 2955 1336 2988 cum
1368 2940 1477 2989 fulmine

217 3024 334 3092 ραννῶν,
537 3034 625 3089 μενον
667 3024 832 3092 θεοπρεπῶς
858 3016 1153 3094 οἶστραπαῖςόμοῦνιαὶ
1179 3032 1204 3072 et
1222 3024 1356 3073 tonitribus
1373 3025 1442 3074 venit

536 3100 607 3173 μετὰ
636 3105 759 3174 βροντῶν
786 3109 832 3159 καὶ
859 3112 1002 3179 βρονταῖς,
1038 3111 1085 3159 καλ
1112 3124 1153 3160 κε·

536 3185 687 3258 ἀστραπῶν
724 3190 832 3260 έπιφα-
858 3191 964 3262 ραννὸν
983 3193 1066 3257 ἵησιν.

535 3277 588 3332 νῶς
612 3279 757 3327 ποιεῖσθαι
782 3271 831 3342 τὴν
896 3319 897 3322 ¹

537 3363 702 3414 συνουσίαν·

218 3458 512 3531 τὴνῶὲΣεμέληνούχ
575 3460 623 3527 τὴν
650 3463 681 3516 δὲ
706 3464 834 3530 Σεμέλην
894 3465 1017 3534 Σεμέλης
1046 3463 1077 3516 δὲ
1105 3459 1151 3515 διὰ
1180 3473 1204 3514 et
1230 3465 1347 3514 Semelen
1381 3465 1474 3514 confla-

242 3547 437 3616 ὑπομείνασαν
454 3544 485 3601 τὸ
540 3549 640 3617 ἔγκυον
670 3543 757 3600 οὖσαν
786 3550 833 3599 καὶ
858 3549 907 3602 τὸν
919 3546 1010 3619 φόβον
1023 3547 1152 3601 ἔκλιποιλ-
1179 3549 1268 3613 gravit.
1289 3551 1408 3599 Exutero
1419 3551 1475 3599 eius

217 3637 337 3704 μέγεθος
362 3635 409 3698 τῆς
432 3652 511 3706 περι·
538 3634 570 3686 τὸ
578 3635 833 3705 μένεθοςτῆςπερι·
860 3650 916 3702 σης,
932 3637 1109 3705 ἑξαμηνιαῖον
1121 3630 1151 3686 τὸ
1179 3637 1256 3685 Liber
1273 3644 1311 3684 est
1328 3643 1410 3684 natus.

218 3713 337 3778 στιὶσειυς
351 3719 511 3784 τελευτῆσαι
538 3713 660 3779 στάσεως
685 3714 736 3769 οὐκ
760 3716 833 3785 ἐνέγ·
859 3719 1154 3790 βρίιμοςέξαμβλωθὲν
1242 3721 1245 3728 “

217 3808 262 3854 καὶ
287 3803 316 3856 τὸ
341 3809 444 3875 βρέφος
469 3803 512 3854 ἐκ·
539 3821 628 3857 κασαν
647 3801 677 3854 τὸ
699 3803 752 3874 μὲν
773 3806 833 3873 βρέ-

217 3891 319 3960 τρῶσαι
332 3888 387 3956 πρὸ
401 3890 452 3940 τοῦ
464 3908 511 3941 κα-
539 3908 594 3957 ηος
612 3881 759 3958 ἐκτρῶσαι,
780 3888 833 3941 ὑπὸ

216 3969 351 4041 θήκοντος
365 3972 479 4047 χρόνον.
540 3974 571 4028 δὲ
583 3975 633 4026 τοῦ
646 3973 737 4044 πυρὸς
749 3970 834 4042 αὐτὴν

540 4063 706 4124 τελευτῆσαι.

1229 4129 1251 4192 1)
1264 4128 1365 4177 Nomen
1374 4129 1474 4177 videtur

1177 4215 1357 4278 interpolatum
1374 4228 1428 4262 esse
1441 4229 1472 4261 ex

1176 4299 1262 4348 Ovidii
1306 4307 1366 4348 met.
1419 4299 1470 4347 111.

1175 4401 1199 4433 v.
1226 4384 1285 4446 278.
1329 4382 1380 4432 Sed
1406 4382 1471 4431 nihil

1176 4478 1273 4533 praeter
1292 4483 1392 4518 nomen.
1472 4531 1476 4539 ι
