3382 5228
735 426 948 490 ,51-

212 587 291 638 schol.
307 586 387 635 Orest.
397 599 448 648 990
460 582 504 650 (C)
532 583 667 647 scholAp.
675 581 725 634 Rh.
736 583 757 631 Ι,
768 592 825 645 752.
886 582 992 631 Diodor.
1005 581 1052 632 IV.
1069 592 1109 645 73.
1215 581 1285 644 Hyg.
1305 579 1357 629 fab.
1379 579 1420 641 84„

234 680 259 721 et
277 673 382 721 Tzetzae
400 669 480 719 schol.

289 757 350 818 Lyc.
374 755 429 820 156.

901 889 1021 956 φθείρας
1042 885 1073 939 δὲ
1095 880 1146 938 τὸν
1223 888 1313 950 Itaque
1360 886 1465 950 Myrtilo

848 966 965 1038 ἥνίοχον
991 977 1041 1024 τοῦ
1064 974 1146 1025 Olvo-
1171 972 1273 1036 aurigae
1291 970 1344 1020 eius
1366 986 1466 1036 persua-

848 1052 927 1126 μαόυ
938 1060 1088 1125 Μυρτίλον
1099 1058 1145 1109 καὶ
1171 1056 1203 1105 sit
1220 1071 1376 1120 regnumque
1388 1056 1410 1105 ei
1430 1056 1467 1104 di-

850 1143 945 1208 λαβών
1010 1140 1145 1213 συνεργὸν
1171 1141 1276 1191 midium
1294 1139 1429 1206 pollicetur
1448 1139 1468 1189 si

838 1222 921 1296 πρὸς
940 1222 988 1291 τῆν
1005 1230 1084 1292 νίκην
1171 1242 1197 1276 se
1215 1225 1351 1275 adiuvaret.

264 1364 322 1420 ὅδὲ
341 1372 400 1427 ταῖς
415 1384 506 1434 χοινι·
583 1360 741 1434 Φερεκύδης
752 1361 784 1416 δὲ
800 1362 830 1415 ἐν
1226 1360 1276 1410 fide
1285 1361 1468 1426 dataMyrtilus

213 1457 270 1505 xlm
304 1455 360 1506 τῶν
397 1451 507 1522 τροχῶν
532 1443 649 1519 ἥφησὶν
663 1443 706 1502 ὅτι
722 1447 772 1501 οὐκ
785 1449 829 1501 ἐν·
905 1513 908 1519 Ι
1175 1461 1274 1495 currum
1285 1446 1366 1495 iunxit
1381 1455 1407 1495 et
1418 1447 1468 1496 cla·

213 1538 279 1597 τοὺς
322 1533 405 1602 ἥλους
458 1535 508 1587 οὐκ
534 1533 676 1601 έθηκενὲν
693 1533 733 1600 τῷ
751 1524 829 1594 ἥξονι
1039 1554 1043 1562 ·
1175 1547 1219 1579 vos
1228 1531 1255 1580 in
1266 1537 1333 1580 rotas
1345 1548 1396 1580 non
1408 1546 1469 1581 con·

215 1623 297 1688 (thz.
324 1618 362 1693 μὴ
387 1621 430 1687 C.)
458 1621 507 1691 lp·
534 1616 583 1674 τὸν
613 1620 752 1690 ἔμβαλον,
782 1623 829 1671 καὶ
1173 1615 1247 1679 jecit:
1278 1615 1363 1681 itaque
1399 1617 1469 1681 equis

213 1707 307 1776 βαλὼν
325 1710 438 1773 ἐποίησε
459 1706 509 1759 τὸν
534 1704 620 1765 οὕτως
653 1706 830 1758 ἔκκυλισθέν-
1175 1701 1291 1758 incitatis,
1312 1717 1411 1750 currum
1428 1701 1471 1750 de·
1525 1731 1529 1737 -

214 1789 442 1864 Olvopaovlvrqi
451 1793 508 1858 τρέ·
534 1809 581 1851 τος
597 1795 647 1842 τοῦ
665 1795 768 1860 τροχοῦ
786 1791 830 1843 ἐκ·
1175 1785 1269 1836 fectum
1279 1786 1404 1835 Oenomai
1413 1788 1470 1852 equi

209 1898 273 1949 χειν
291 1875 444 1944 ἡττηθῆναι
461 1879 509 1928 καὶ
534 1880 628 1929 πεσεῖν
665 1870 715 1927 τὸν
747 1871 830 1928 Οἰνό-
1175 1871 1350 1921 distraxerunt.

216 1961 399 2035 ἀναιρεθῆναι
453 1959 509 2015 ὑπὸ
533 1977 617 2034 μαον.

217 2049 258 2114 (C.
276 2047 352 2118 παρὰ
365 2045 447 2113 thz.)
461 2047 511 2099 τοῖ

216 2138 347 2193 Πέλοπος
379 2128 510 2185 ἐκπεσόν-

145 2206 148 2211 4
216 2238 271 2272 των
289 2221 345 2271 τοῖν
358 2219 475 2289 τροχῶν,

250 2357 343 2405 Tzetza
352 2353 426 2412 solus,
438 2355 511 2403 omit·
656 2345 830 2404 σκευάσαντα
858 2355 967 2424 ἔφθασε
993 2347 1154 2424 παραγενό-

217 2442 246 2491 tit
270 2441 314 2490 C.:
341 2435 358 2504 ἥ
383 2434 420 2498 ὥς
440 2456 513 2497 τινες
538 2438 583 2503 (sc.
602 2434 652 2492 τὸν
675 2437 833 2506 Μυρτίλον)
874 2457 959 2510 μενος
1000 2440 1048 2493 ἐπὶ
1088 2434 1137 2492 τὸν

218 2519 512 2593 λέγουσιν,ἀντὶσιδη-
537 2521 586 2576 τὸν
600 2524 721 2593 ἔμβαλον
739 2525 769 2578 ἐκ
786 2544 834 2592 κη·
858 2520 972 2595 Ἰσθμὸν
1003 2519 1074 2593 πρὸς
1104 2521 1154 2576 τὸν

217 2615 298 2679 ρείων
316 2604 398 2671 ἥλων,
425 2607 512 2677 ἰμβα·
538 2615 597 2683 ροῦ,
616 2610 756 2680 ἴναίντῷ
769 2605 833 2683 ‹lpo-
859 2609 1153 2676 τοῦΠοσειδῶνοςβω-

218 2690 273 2747 λών
296 2694 334 2761 τῷ
359 2686 434 2754 ἥξονι
461 2703 512 2746 τοῦ
537 2713 582 2763 μῳ
594 2692 833 2761 θλασθέντοςαύ-
859 2687 923 2763 μόν.
942 2689 957 2745 ὁ
975 2689 1000 2744 δ’
1014 2689 1155 2767 Οἰνίμαος

218 2777 513 2850 ἅρματοςκηρίυυςκαὶ
539 2785 589 2831 τοῦ
608 2773 722 2848 νικήσας
734 2783 834 2850 Πέλοψ
933 2773 1019 2831 αὑτὸν
1042 2779 1072 2832 ἐκ
1104 2778 1155 2832 τοῦ

218 2864 305 2924 οὕτως
335 2861 433 2930 ἥττησε
458 2867 513 2916 Πέ-
539 2859 609 2936 λᾶβη
641 2861 730 2932 αὐτὴν
763 2861 835 2936 πρὸς
861 2865 908 2930 ζῆν
926 2868 1102 2934 μετέστησεν.

218 2952 275 3018 lou)
289 2945 440 3013 Οἰνόμαον.
540 2944 642 3021 γάμον.

305 3085 421 3146 Vidisti
443 3085 516 3167 plus
538 3105 602 3147 uno
625 3087 699 3148 loco
721 3086 902 3148 Diodorum
925 3085 1079 3165 imprimis
1101 3105 1174 3147 cum
1200 3083 1322 3146 scholio
1339 3083 1474 3165 Apollo·

219 3191 313 3251 niano
337 3189 438 3251 multo
461 3190 592 3270 quidem
616 3191 761 3253 uberiore
789 3192 833 3252 ita
855 3190 1050 3263 consentire,
1083 3197 1118 3251 ut
1140 3190 1319 3252 necessario
1349 3190 1473 3252 conclu-

220 3296 360 3356 dendum
382 3296 437 3367 sit,
469 3317 567 3358 unum
590 3295 712 3358 fontem
735 3296 771 3357 iis
794 3295 935 3359 subesse.
978 3294 1086 3356 Distat
1107 3312 1184 3354 vero
1207 3292 1248 3354 ab
1271 3294 1420 3357 omnibus
1442 3297 1472 3357 in

221 3400 380 3463 Oenomai
410 3410 514 3462 morte
547 3400 729 3474 reserenda;
759 3421 832 3463 cum
861 3410 969 3462 autem
992 3420 1011 3461 a
1033 3398 1121 3460 nullo
1143 3408 1271 3479 praeter
1293 3401 1473 3463 Diodorum

221 3507 376 3586 scriptore
400 3504 558 3568 Oenomai
588 3505 800 3568 voluntariam
828 3515 966 3567 mortem
998 3505 1079 3566 tradi
1111 3505 1285 3578 inveniam,
1319 3506 1472 3587 suspicor,

222 3611 402 3673 Diodorum
430 3631 490 3691 per
517 3630 552 3673 se
581 3611 733 3673 audacter
764 3620 980 3673 commutasse
1012 3609 1152 3672 fabulam
1179 3609 1260 3671 sicut
1286 3631 1313 3672 c.
1337 3625 1376 3692 75
1402 3614 1474 3690 54,

225 3735 421 3796 quamquam
444 3737 501 3778 cur
522 3716 586 3778 hoc
610 3715 726 3789 fecerit,
751 3716 971 3778 demonstrare
994 3735 1059 3777 non
1081 3734 1222 3795 possum.

311 3844 424 3926 Capite
447 3862 487 3927 72
509 3847 672 3909 Diodorus
694 3846 800 3927 Asopi
827 3846 952 3928 generis
981 3845 1126 3907 inlustrat
1148 3853 1286 3906 stemma
1308 3845 1475 3908 uberrime.

225 3950 364 4012 Tantam
388 3952 517 4030 quidem
533 3951 761 4015 abundantiam
778 3971 975 4033 quamquam
991 3948 1106 4012 frustra
1122 3950 1303 4030 quaerimus
1319 3952 1350 4013 in
1367 3950 1476 4014 biblio·

226 4056 328 4128 theca,
353 4066 460 4119 tamen
482 4057 589 4137 stirpis
611 4077 730 4138 genera
753 4057 866 4119 eadem
889 4057 1066 4118 invenimus
1088 4056 1174 4136 apud
1189 4054 1429 4136 Apollodorum
1445 4065 1478 4119 et

227 4160 359 4235 fabulas,
383 4182 463 4243 quas
479 4163 519 4225 de
534 4163 630 4225 Peleo
646 4172 678 4225 et
697 4162 875 4225 Telamone
890 4162 1030 4224 breviter
1045 4161 1144 4223 modo
1159 4158 1327 4223 historicus
1342 4162 1477 4242 stringit,

228 4265 324 4328 fusius
346 4267 476 4346 quidem
492 4269 550 4330 sed
571 4269 701 4331 easdem
717 4267 748 4330 in
763 4266 958 4330 bibliotheca
973 4266 1119 4347 legimus.
1152 4264 1199 4328 Ut
1214 4274 1322 4328 autem
1338 4266 1394 4328 tibi
1411 4285 1478 4328 rem

228 4379 302 4433 ante
336 4372 448 4434 oculos
485 4392 622 4454 ponam,
656 4373 761 4454 Asopi
798 4373 979 4454 progeniei,
1012 4371 1140 4452 qualem
1176 4371 1338 4433 Diodorus
1373 4369 1480 4448 refert,

1237 4471 1275 4536 4*
