3382 5228
740 438 950 505 „57..

216 592 314 654 etiam
336 591 378 655 ab
401 590 629 672 Aopollodoro
658 591 746 654 velut
768 613 799 673 p.
822 610 863 674 93
887 595 906 656 l.
935 593 973 655 16
1002 601 1035 655 et
1061 592 1102 654 ab
1125 592 1258 673 Hygino
1280 592 1470 666 nominatur,

215 697 282 759 eius
305 706 408 759 mater
424 698 691 777 Hypermnestra,
712 696 825 759 Thesti
841 697 914 773 filia,
943 697 985 761 ab
1000 696 1133 779 Hygino
1148 696 1237 760 velut
1251 697 1282 759 in
1299 696 1405 760 fabula
1419 711 1470 775 70.

215 802 341 865 Eadem
364 802 579 882 Melampodis
602 801 808 884 genealogia,
839 823 937 883 quam
967 802 1064 865 refert
1091 802 1271 877 Diodorus,
1306 801 1470 883 reperitur,

215 906 331 970 exilior
360 907 507 988 quidem,
542 906 573 969 in
603 906 726 970 scholio
754 909 795 970 ad
823 909 987 972 Theocriti
1009 907 1064 974 III.
1086 923 1137 986 43,
1167 907 1256 987 quod
1285 908 1384 970 modo
1407 907 1472 968 Me-

217 1013 379 1094 lampodis
401 1033 537 1075 uxorem
567 1033 631 1075 non
659 1011 869 1094 Iphianiram,
900 1011 1130 1095 Megapenthei
1155 1011 1269 1088 filiam,
1301 1013 1359 1075 sed
1387 1011 1472 1093 Iphi·

215 1137 366 1180 anassam
388 1117 493 1180 Proeti
515 1116 614 1181 filiam
636 1119 788 1181 nominat.
833 1116 932 1199 Quod
954 1139 1032 1181 vero
1060 1139 1120 1201 pro
1142 1115 1265 1179 Μαντώ
1288 1115 1374 1197 apud
1396 1113 1472 1177 Dio·

216 1224 332 1286 dorum
355 1223 386 1284 in
408 1223 531 1286 scholio
554 1221 695 1294 Μάντιος
716 1222 841 1304 legitur,
865 1245 930 1286 non
952 1233 1002 1287 est
1026 1223 1212 1299 discrimen,
1236 1222 1293 1286 sed
1316 1218 1472 1282 escholio

216 1329 381 1391 Diodorus
418 1337 467 1390 est
501 1329 735 1402 emendandus,
781 1350 854 1392 curn
895 1330 1005 1392 itidem
1044 1328 1247 1409 Pherecydes
1285 1328 1316 1389 in
1351 1323 1472 1389 scholio

215 1433 256 1496 N.
283 1433 343 1512 663
367 1432 400 1494 V
423 1433 581 1497 Mantium
604 1433 819 1514 Melampodis
850 1433 950 1496 filium
981 1432 1113 1496 adferat.
1158 1431 1207 1495 Ut
1226 1452 1303 1495 vero
1325 1430 1382 1494 tibi
1404 1449 1473 1511 per·

220 1540 366 1615 suadeas,
389 1557 455 1600 non
476 1535 582 1599 solum
603 1538 729 1618 generis
745 1547 893 1613 stemma,
917 1538 1087 1602 sedetiam
1102 1538 1227 1601 fabulas
1250 1557 1320 1600 esse
1342 1535 1473 1597 easdem

216 1645 304 1725 apud
335 1640 478 1705 Siculum
506 1651 539 1704 et
567 1642 781 1706 bibliothecae
811 1653 976 1707 auctorem
1005 1643 1151 1707 conferas
1179 1665 1205 1707 c.
1237 1644 1278 1705 68
1309 1644 1329 1722 ξ
1356 1657 1368 1701 1
1399 1658 1474 1702 eum

219 1748 296 1811 bibl.
326 1768 359 1830 p.
391 1747 478 1826 231.
506 1765 596 1825 1-2,
628 1749 647 1812 l.
675 1767 729 1827 113
761 1752 823 1830 §2
852 1770 926 1813 cum
955 1748 1032 1813 bibl.
1058 1769 1090 1830 p.
1114 1765 1153 1828 23
1183 1748 1204 1815 l.
1227 1765 1278 1825 22,
1308 1747 1328 1810 l.
1352 1759 1472 1823 4-1o;

216 1857 279 1935 §3
312 1874 385 1916 curn
415 1852 491 1916 bibl.
520 1874 552 1936 p.
578 1870 616 1933 23
641 1854 660 1916 l.
685 1871 734 1932 24,
760 1871 816 1932 203
847 1876 878 1938 p.
903 1855 986 1932 241.
1013 1854 1146 1932 14-16,
1174 1875 1205 1937 p.
1231 1869 1271 1932 23
1294 1852 1314 1915 l.
1338 1851 1379 1913 26
1401 1870 1472 1931 sqq.

219 1970 279 2024 etc.
336 1959 525 2041 Adpingam
563 1954 672 2021 autem
705 1959 870 2024 Salmonei
905 1959 1062 2035 fabulam,
1099 1979 1197 2040 quam
1228 1976 1424 2039 componam
1457 1974 1474 2016 e

218 2071 355 2135 Diodori
377 2068 397 2132 l.
412 2064 470 2130 IV.
495 2085 521 2127 c.
536 2064 577 2127 68
602 2067 621 2145 ξ
648 2082 666 2128 2
690 2076 723 2129 et
744 2066 814 2130 libri
829 2066 887 2128 VI.
911 2064 970 2148 frg.
987 2081 1015 2147 7,
1039 2066 1108 2148 4⁶⁸)
1132 2064 1286 2129 collatam
1307 2082 1382 2125 cum
1405 2059 1472 2140 Hy-

217 2176 283 2258 gini
306 2174 415 2238 fabula
439 2172 477 2233 61
504 2179 537 2232 et
559 2169 635 2231 bibl.
658 2193 690 2255 p.
714 2189 754 2252 23
777 2171 796 2235 l.
825 2189 841 2251 3
863 2191 934 2252 sqq.

256 2297 364 2346 Diodor.
385 2295 431 2343 v1.
449 2292 497 2356 frg.
516 2302 540 2354 7,
560 2304 585 2350 4.
721 2293 784 2342 bibl.
805 2309 830 2358 p.
849 2306 881 2356 23
900 2292 918 2342 1.
937 2306 961 2356 3.
1172 2289 1242 2353 Hyg.
1264 2289 1315 2338 rab.
1334 2288 1377 2338 61.

258 2374 620 2450 ὍτιὸΣαλμωνεύςάσεβὴς
698 2380 827 2450 ὑβριστὴς
860 2378 891 2432 δὲ
926 2375 965 2432 ὢν
997 2378 1044 2445 (sc.
1123 2377 1273 2427 Salmoneus
1303 2375 1378 2426 Aeoli
1407 2373 1473 2424 filius

221 2474 267 2523 καὶ
299 2467 479 2544 ὑπερήφανος
510 2461 543 2535 ἦν
572 2469 619 2519 καὶ
646 2466 857 2541 ὁΣαλμωνεύς)
877 2472 924 2521 καὶ
944 2471 982 2536 τῷ
1000 2470 1047 2519 Διὶ
1073 2466 1176 2532 Sisyphi
1194 2466 1270 2516 frater
1287 2480 1345 2514 cum
1364 2463 1475 2513 tonitrua

219 2557 252 2612 τά
272 2565 353 2613 θεῖον
374 2557 497 2630 διέσυρε,
520 2555 568 2616 τάς
588 2554 619 2607 δὲ
645 2560 806 2620 ἐξισοῦσθαι
825 2561 918 2612 θέλων
933 2554 981 2611 etit
999 2556 1049 2623 τὴν
1074 2563 1099 2606 et
1116 2554 1222 2604 fulmina
1239 2554 1376 2603 imitaretur
1393 2550 1471 2609 Iovis,

220 2647 307 2702 αὑτοῦ
332 2645 443 2719 πράξεις
476 2645 621 2715 ὑπερέχειν
646 2644 774 2714 ἀσέβειαν
799 2643 944 2712 ἐκολάσθη.
973 2646 1049 2717 ἔλεγε
1074 2643 1163 2693 sedens
1181 2641 1329 2706 quadrigam
1349 2640 1418 2690 faces
1436 2655 1473 2687 ar·

219 2739 275 2790 τῶν
286 2738 337 2789 τοῦ
348 2734 417 2796 Διὸς
432 2732 619 2811 ἀπεφαίνετο·
646 2736 701 2808 γὰρ
740 2736 839 2790 ἑαυτὸν
875 2735 947 2791 εἶναι
981 2740 1046 2798 Δία,
1072 2732 1160 2781 dentes
1169 2730 1195 2779 in
1204 2725 1475 2796 populumtmitteret

218 2823 265 2879 dui
284 2829 331 2878 καὶ
348 2817 554 2886 κατασκευάζων
574 2818 621 2873 άιά
646 2830 692 2878 καὶ
725 2825 776 2887 τὰς
807 2828 912 2880 ἐκείνου
946 2826 1049 2884 θυσίας
1073 2828 1099 2870 et
1119 2820 1199 2878 cives;

218 2931 292 2973 τινος
304 2913 429 2985 primavit
441 2910 539 2981 ψόφον
548 2911 621 2972 ffat-
647 2911 821 2988 ἀφελόμενος
847 2915 936 2982 ἑαυτῷ
962 2927 1048 2981 προσ-

221 3019 282 3066 σιον
308 3005 354 3056 καὶ
377 2999 556 3073 μιμούμενον
572 2999 622 3061 τὰς
647 3007 745 3058 έτασσε
762 3002 855 3069 θύειν,
881 3006 925 3056 καὶ
947 2999 1051 3070 βύρσας

220 3089 336 3166 βροντάς
353 3086 478 3158 ἐβρόντα,
499 3091 546 3144 καὶ
558 3084 621 3142 οὕτε
646 3092 699 3166 μὲν
714 3093 905 3166 ἐξηραμμένας
918 3091 946 3151 l}
957 3088 1050 3162 ἅρμα·

220 3185 322 3242 θυσίας
358 3177 420 3233 οὔτε
450 3177 623 3247 πανηγύρεις
648 3201 695 3241 τος
713 3179 782 3252 μετά
803 3180 924 3249 λεβήτων
936 3164 1050 3249 χαλκῶν

222 3270 313 3325 ἐτέλει.
648 3270 741 3342 σύρων
790 3270 867 3339 ἔλεγε
920 3272 1048 3339 βροντᾶν,

648 3355 758 3425 βάλλων
792 3360 824 3413 δὲ
855 3362 893 3418 εἰς
928 3357 1050 3430 οὐρανὸν

689 3451 844 3519 αἰθομένας
861 3444 1011 3519 λαμπάδας

648 3536 743 3607 ἔλεγεν
772 3534 945 3607 ἀστράπτειν.
980 3540 1050 3597 Ζεὺς

272 3635 318 3685 IV.
348 3632 389 3685 68.
420 3647 435 3682 2
466 3671 473 3686 .
496 3671 505 3687 .
528 3670 536 3687 .
566 3631 621 3686 ὑπὸ
649 3626 679 3678 di
701 3624 786 3680 αὐτὸν
806 3621 981 3700 κεραυνώσας
1000 3626 1051 3694 τὴν
1076 3630 1109 3679 ob
1132 3628 1159 3677 id
1182 3645 1197 3677 a
1219 3629 1279 3677 Iove
1304 3627 1411 3676 fulmine
1440 3634 1477 3675 est

222 3720 252 3775 δὲ
271 3717 339 3779 Διὸς
357 3719 404 3772 διὰ
421 3716 470 3788 τὴν
494 3718 623 3790 ἀσέβειαν
678 3720 837 3770 κτισθεῖσαν
859 3712 910 3769 ὑπ’
935 3711 1020 3769 αὐτοῦ
1075 3718 1148 3767 ictus.

223 3808 408 3882 έκεραονώθη.
649 3803 734 3858 πόλιν
756 3807 803 3857 καλ
823 3805 886 3866 τοὺς
905 3800 1051 3875 οἰκήτορας

649 3891 770 3964 ἠφάνισε
790 3891 904 3955 πάντας.

308 3999 378 4061 Iam
411 4018 547 4079 quaero,
583 3999 749 4080 quomodo
783 3997 925 4078 explices
959 3994 1160 4059 manifestam
1192 3994 1475 4078 propinquitatem,

224 4125 306 4186 quae
329 4105 410 4167 inter
431 4105 612 4167 Diodorum
635 4113 667 4166 et
696 4102 952 4184 Apollodorum,
984 4101 1167 4184 Hyginum,
1201 4099 1263 4163 alia
1291 4099 1477 4181 mythogra·

223 4207 362 4291 phorum
382 4209 562 4290 fragmenta
584 4210 615 4271 in
637 4207 766 4271 scholiis
788 4209 932 4288 dispersa
953 4204 1138 4269 intercedit?
1182 4203 1266 4268 Cum
1288 4204 1359 4267 illos
1381 4202 1477 4267 histo·

311 4393 348 4462 ν)
367 4396 399 4447 cr.
417 4400 448 4448 A.
464 4397 587 4446 mawron
605 4398 672 4447 Mus.
690 4396 772 4446 men.
792 4396 843 4446 voi.
860 4381 982 4445 xxxiv.
1003 4412 1030 4460 p.
1048 4395 1106 4456 ατο.
