3382 5228
750 583 936 649 ,7-

215 751 285 800 raro
317 740 446 820 quidem
472 739 608 820 Dionysi
639 739 810 801 narrationi
841 739 927 819 apud
950 738 1131 800 Diodorum
1162 739 1298 799 insertae
1326 735 1403 809 sint,
1432 735 1472 797 ad

215 843 525 925 Scytobrachionem
549 844 731 906 referendas
754 864 833 906 esse.

298 949 389 1012 Haec
411 960 484 1013 sunt
507 951 587 1013 vasti
610 948 760 1023 aedificii,
794 948 881 1028 quod
904 947 1074 1009 Eduardus
1097 945 1260 1009 Schwartz
1283 948 1470 1018 construxit,

215 1074 279 1116 non
306 1056 350 1117 ita
379 1057 507 1137 amplae
538 1055 798 1119 substructiones.
843 1050 936 1133 Quae
966 1073 1063 1133 quam
1090 1053 1212 1114 solidae
1236 1053 1313 1126 sint,
1345 1052 1472 1114 iamiam
1558 1057 1560 1062 '

214 1163 446 1223 examinemus.
490 1160 667 1223 Videamus
690 1160 784 1234 enim,
808 1179 873 1239 quo
896 1159 961 1220 iure
984 1159 1040 1218 viri
1061 1157 1148 1219 docti
1162 1157 1473 1238 Scytobrachionem

214 1267 460 1346 grammaticum
507 1267 624 1328 ducant
672 1275 705 1327 et
747 1263 914 1344 diligenter
960 1284 1034 1325 eum
1079 1261 1258 1324 fabularum
1302 1263 1472 1325 varietates

216 1370 384 1451 collegisse
407 1382 574 1461 censeant,
599 1390 679 1451 quas
702 1368 890 1450 mythorum
913 1368 1085 1431 narrationi
1108 1388 1184 1430 suae
1207 1369 1349 1449 ineptae,
1374 1388 1470 1449 quam

214 1484 331 1537 vocant
354 1476 460 1550 iidem,
486 1478 679 1538 adnecteret.

299 1578 373 1660 Qua
396 1582 518 1644 ratione
541 1580 665 1643 fabulas
688 1580 853 1642 enarrandi
876 1579 1052 1658 Dionysius
1076 1578 1289 1658 Mytilenaeus
1320 1599 1394 1640 usus
1424 1581 1472 1648 sit,

215 1683 318 1748 facete
350 1696 383 1749 et
413 1687 518 1768 lepide
548 1687 726 1749 Fridericus
750 1684 788 1749 G.
811 1683 965 1746 Welcker
994 1684 1025 1745 in
1054 1683 1151 1757 libro,
1184 1703 1280 1764 quem
1310 1684 1349 1744 de
1380 1684 1472 1764 cyclo

215 1791 307 1870 epico
336 1792 463 1873 scripsit
485 1793 531 1855 12.
548 1813 579 1874 p.
604 1807 643 1874 77
667 1812 733 1872 sq.,
765 1791 954 1873 explicavit;
985 1791 1041 1851 sed
1071 1809 1129 1850 acu
1158 1807 1226 1850 rem
1255 1789 1398 1870 tetigisse
1426 1791 1474 1851 vir

216 1898 476 1976 incomparabilis
514 1898 589 1960 mihi
623 1918 686 1959 non
719 1896 851 1958 videtur.
909 1893 990 1956 Cum
1029 1902 1138 1956 autem
1175 1913 1304 1967 omnes,
1344 1896 1396 1974 qui
1434 1898 1474 1958 de

216 2000 494 2082 Scytobrachione
518 2012 667 2085 egerunt,
698 2001 936 2064 aedificaverint
958 2000 1048 2080 quasi
1072 2000 1102 2060 in
1126 1998 1334 2062 fundamento
1358 2002 1388 2061 in
1411 2001 1472 2063 hoc

214 2106 348 2169 Diodori
377 2108 450 2170 loco
474 2109 538 2189 (III.
569 2109 619 2170 66.
654 2123 687 2187 5,
719 2109 766 2187 6):
890 2103 1036 2183 »διέξιμεν
1058 2105 1089 2166 ἐν
1119 2104 1291 2188 κεφαλαίοις
1320 2105 1358 2164 τὰ
1391 2106 1472 2188 παρὰ

215 2219 277 2283 rote
309 2213 430 2290 Λίβυσι
464 2212 606 2294 λεγόμενα
643 2214 693 2273 καὶ
734 2213 883 2294 Διονυσίῳ
921 2213 964 2294 τῷ
999 2209 1210 2293 συνταξαμένῳ
1248 2211 1303 2283 τὰς
1343 2213 1473 2282 παλαιὰς

214 2318 409 2393 μυθοποιίας.
451 2310 537 2390 οὗτος
558 2320 615 2400 γὰρ
637 2318 676 2380 τά
698 2341 729 2378 τε
752 2319 817 2400 περὶ
841 2318 893 2378 τὸν
916 2315 1063 2377 Διόνυσον
1085 2317 1134 2375 καὶ
1158 2317 1211 2388 τὰς
1228 2313 1404 2394 Ἀμαζόνας,
1429 2313 1471 2376 ἔτι

216 2419 249 2481 δὲ
268 2424 338 2493 τοὺς
355 2419 556 2504 Ἀργοναύτας
585 2424 634 2484 καὶ
667 2423 705 2485 τὰ
734 2425 811 2483 κατὰ
841 2424 893 2483 τὸν
913 2420 1042 2483 Ἰλιακὸν
1071 2420 1200 2499 πόλεμον
1221 2420 1399 2502 πραχθέντα
1422 2423 1470 2482 καὶ

216 2523 300 2586 πολλ’
324 2526 410 2609 ἕτερα
434 2526 648 2605 συντέτακται,
678 2530 860 2611 παρατιθεὶς
882 2528 920 2587 τὰ
942 2527 1096 2606 ποιήματα
1120 2535 1180 2587 τῶν
1202 2527 1336 2608 ἀρχαίαν
1358 2536 1418 2587 τῶν
1440 2550 1471 2587 τε

215 2630 397 2713 μυθολόγων
419 2635 469 2694 καὶ
492 2643 552 2695 τῶν
574 2643 733 2714 normula«
760 2636 857 2696 etiam
881 2654 940 2695 nos
962 2653 1036 2696 eum
1056 2633 1194 2714 primum
1209 2642 1392 2707 tractemuS,
1416 2635 1472 2695 sed

218 2737 269 2810 ita,
294 2749 338 2812 ut,
363 2749 536 2822 antequam
560 2743 600 2803 ad
624 2741 728 2821 ipsum
751 2740 951 2813 accedamus,
975 2748 1078 2801 totam
1094 2738 1176 2800 hanc
1191 2737 1260 2798 libri
1275 2738 1319 2799 ΙΙΙ
1338 2739 1472 2802 Diodori

191 2849 194 2858 ⁸
217 2851 342 2922 partem
365 2847 542 2908 accuratius
565 2846 778 2926 inspiciamus.

301 2949 494 3029 Dionysium
515 2951 609 3032 igitur
625 2949 936 3031 Scytobrachionem
953 2958 1081 3011 secutus
1097 2948 1151 3010 III.
1167 2949 1292 3030 68-73
1309 2949 1471 3011 Diodorus

216 3073 270 3115 eas
294 3053 417 3116 fabulas
442 3055 550 3130 resert,
586 3076 666 3136 quas
688 3056 809 3136 Libyes
831 3057 872 3117 de
892 3055 1010 3117 Libero
1039 3054 1164 3116 tradere
1187 3052 1333 3116 affirmat.
1380 3052 1471 3135 Quae

217 3157 343 3220 fabulae
362 3169 436 3221 ante
451 3161 630 3223 Alexandri
647 3161 756 3241 Magni
780 3170 920 3223 aetatem
942 3160 1057 3220 exoriri
1082 3179 1145 3220 non
1161 3168 1343 3240 potuerunt,
1387 3159 1471 3221 Nam

217 3284 256 3325 ue
286 3264 435 3339 afferam,
470 3276 544 3329 ante
578 3266 631 3328 illa
661 3276 809 3347 tempora
839 3266 969 3328 omnino
999 3274 1066 3327 tam
1097 3265 1221 3345 ineptas
1251 3265 1399 3327 historias
1430 3286 1471 3326 ex

217 3370 340 3449 graecis
363 3380 396 3433 et
418 3372 561 3433 barbaris
584 3372 698 3433 sabulis
721 3382 872 3434 consutas
902 3381 934 3433 et
964 3372 1004 3432 ad
1034 3369 1213 3432 communis
1236 3370 1319 3431 vitae
1342 3390 1471 3432 consue-

217 3474 359 3535 tudinem
383 3478 529 3538 redactas
552 3477 654 3538 nullas
678 3477 788 3551 luisse,
820 3476 982 3540 Bacchum
1012 3495 1076 3537 non
1107 3475 1138 3536 in
1161 3475 1282 3536 Indiam
1307 3476 1469 3557 migrasse,

216 3577 314 3640 Liber
336 3582 422 3661 apud
445 3580 754 3662 Scytobrachionem
778 3582 861 3645 filius
891 3591 940 3644 est
963 3581 1150 3653 Ammonis,
1181 3581 1261 3643 sicut
1284 3581 1472 3644 Alexander

165 3741 167 3746 .
218 3681 299 3746 filius
322 3685 407 3747 Iovis
430 3688 602 3750 Ammonis
625 3687 848 3768 putabatur4);
884 3707 1034 3769 magnam
1066 3686 1140 3749 facit
1170 3688 1410 3769 expeditionem
1440 3689 1469 3748 in

221 3840 428 3849 *—

302 3926 324 3992 4)
353 3929 452 3978 Curtius
470 3931 507 3978 IV
528 3943 573 3994 32:
607 3932 659 3979 »Ac
682 3940 735 3979 tum
759 3930 862 3994 quidem
887 3946 971 3994 regem
995 3933 1098 3996 propius
1116 3933 1252 3981 adeuntem
1270 3933 1393 3982 maximus
1411 3943 1470 3982 natu

216 4031 229 4062 e
247 4016 516 4067 sacerdotibusfilium
530 4020 651 4084 appellat,
669 4020 718 4068 hoc
737 4035 829 4068 nomen
848 4019 870 4066 ei
888 4028 1017 4084 parentem
1031 4021 1118 4070 lovem
1130 4021 1235 4070 reddere
1250 4020 1387 4070 affirmans.
1426 4022 1471 4070 Ille

216 4119 242 4150 se
261 4119 321 4152 vero
339 4113 363 4152 et
381 4106 494 4170 accipere
512 4108 545 4157 ait
563 4119 588 4157 et
606 4123 757 4172 agnoscere,
779 4109 906 4156 humanae
924 4108 998 4157 sortis
1016 4109 1117 4158 oblitus.
1154 4110 1285 4160 Consuluit
1303 4110 1410 4169 deinde,
1439 4126 1471 4158 an

216 4192 291 4239 totius
310 4192 377 4240 orbis
395 4193 526 4258 imperium
544 4195 602 4245 fatis
620 4196 667 4244 sibi
686 4197 822 4246 destinaret
839 4200 927 4261 pater?
963 4199 1051 4261 Aeque
1076 4197 1101 4244 in
1125 4198 1297 4247 adulationem
1317 4200 1471 4264 compositus

216 4287 335 4327 terrarum
354 4282 466 4329 omnium
484 4292 605 4331 rectorem
624 4283 676 4332 fore
696 4285 805 4334 ostendit
809 4306 956 4336 ......
992 4288 1095 4334 Prorsus
1119 4287 1185 4335 idem
1210 4287 1301 4351 legitur
1319 4288 1344 4336 in
1362 4288 1471 4336 Diodori

215 4366 231 4414 l.
253 4367 339 4416 XVII.
360 4384 381 4417 c.
402 4379 442 4432 51.

299 4456 378 4505 Recte
402 4457 434 4506 de
457 4457 496 4507 his
513 4458 620 4522 Dionysi
643 4460 733 4510 fabulis
758 4462 850 4513 iudicat
871 4463 1005 4511 Eduardus
1026 4464 1112 4528 Meyer
1138 4465 1163 4512 in
1183 4465 1265 4514 lexico
1286 4466 1468 4529 mythologico,

214 4543 283 4606 quod
303 4544 354 4593 edit
371 4545 498 4596 Roscher:
522 4564 547 4611 p.
569 4546 627 4606 288,
649 4559 706 4612 291.
