3382 5228
744 537 951 612 ..58-

223 705 288 767 rico
310 724 386 766 usos
407 725 494 777 esse,
524 725 621 767 sanus
651 725 747 766 nemo
784 705 937 785 suspicari
970 706 1086 786 possit,
1124 726 1200 767 num
1230 716 1264 768 tu
1296 727 1313 769 e
1344 710 1477 771 diversis

222 808 362 871 fontibus
385 817 434 870 tot
456 810 569 872 similia
591 820 623 872 et
645 813 734 891 paria
757 809 886 872 fluxisse
910 809 1121 890 praetendas?

307 947 356 1009 At
378 949 542 1010 mittamus
563 949 654 1017 haec.
699 950 832 1011 Iamiam
851 950 935 1011 enim
956 949 1083 1010 exsistit
1100 951 1255 1030 quaestio,
1279 961 1385 1014 utrum
1400 954 1475 1016 Dio-

222 1055 319 1116 dorus
342 1054 373 1115 in
394 1053 455 1116 hac
479 1055 578 1117 modo
597 1075 697 1136 parva
719 1065 810 1136 parte
840 1063 1022 1128 auctorem,
1054 1055 1107 1134 qui
1137 1054 1261 1117 fabulas
1291 1076 1422 1137 graecas
1445 1060 1476 1121 in

221 1178 376 1239 generum
397 1160 621 1223 stemmatibus
644 1161 778 1222 insertas
808 1160 922 1233 edidit,
946 1168 1074 1220 secutus
1097 1161 1154 1234 sit,
1186 1171 1221 1223 ut
1244 1171 1318 1224 otto
1341 1161 1475 1226 Sieroka

221 1263 280 1327 sibi
302 1265 468 1344 persuasit,
492 1286 533 1328 an
556 1265 652 1329 etiam
675 1264 736 1326 alia
759 1264 1021 1345 genealogiarum
1043 1265 1177 1346 vestigia
1207 1276 1240 1328 et
1267 1267 1317 1329 alii
1340 1269 1476 1332 Diodori

221 1367 284 1432 loci
315 1368 578 1450 mythographiS,
609 1368 764 1449 imprimis
796 1369 1002 1450 Apollodoro
1037 1370 1155 1432 similes
1186 1373 1310 1453 possint
1339 1377 1473 1437 ostendi.

221 1476 320 1538 Posse
342 1494 461 1548 revera,
483 1474 611 1535 iamiam
634 1483 669 1535 ut
689 1475 745 1535 tibi
767 1475 978 1555 persuadeam
1002 1474 1149 1537 studebo

307 1614 440 1688 Siculus,
465 1613 517 1695 qui
539 1613 627 1675 initio
650 1611 720 1675 libri
742 1613 791 1675 IV
820 1635 854 1676 se
886 1614 990 1694 primo
1021 1613 1093 1675 loco
1124 1615 1165 1677 de
1194 1615 1323 1677 Baccho
1351 1615 1475 1678 fabulas

223 1721 396 1784 relaturum
419 1739 489 1781 esse
512 1719 597 1792 dicit,
621 1718 726 1800 capite
750 1734 767 1780 2
791 1719 899 1800 incipit
925 1739 945 1781 a
967 1719 1017 1780 dei
1047 1718 1128 1782 illius
1155 1740 1217 1782 avo
1240 1719 1365 1782 Cadmo
1388 1721 1474 1801 Age-

222 1828 308 1888 noris
330 1825 405 1899 filio,
429 1834 470 1899 et,
493 1834 668 1905 postquam
691 1844 764 1886 eum
786 1844 805 1886 a
827 1834 918 1905 patre
941 1830 1111 1904 expulsum
1134 1826 1164 1887 in
1186 1825 1322 1888 Boeotia
1343 1825 1474 1888 Thebas

222 1931 411 2004 condidisse,
435 1938 587 2011 quattuor
608 1928 699 2004 filias,
723 1950 821 1991 unum
841 1928 941 1990 filium
963 1949 1160 2009 procreasse,
1192 1928 1354 1993 Semelam
1378 1951 1473 1993 unam

220 2058 264 2100 ex
287 2037 332 2098 eis
354 2056 374 2098 a
395 2035 472 2098 Iove
495 2055 714 2115 compressam
736 2045 806 2097 eta
828 2035 949 2097 Iunone
964 2035 1134 2116 deceptam
1157 2036 1310 2099 interiisse
1325 2037 1471 2108 narravit,

221 2142 358 2220 denique
388 2142 429 2203 ad
459 2141 563 2221 ipsum
592 2141 688 2202 deum
716 2137 872 2221 pervenit.
916 2141 1029 2222 Itaque
1056 2141 1142 2203 haud
1170 2150 1275 2222 patet,
1307 2163 1362 2203 cur
1392 2140 1472 2203 Otto

221 2244 356 2309 Sieroka
383 2265 447 2307 non
479 2246 574 2307 etiarn
604 2246 686 2307 hanc
720 2244 861 2308 fabulam
893 2266 911 2307 e
946 2245 1209 2327 genealogiarum
1238 2247 1336 2321 libro,
1375 2267 1471 2326 quem

219 2360 324 2426 vocat,
355 2371 502 2413 manasse
524 2352 678 2413 statuerit.
723 2351 850 2413 Revera
879 2361 987 2413 autem
1018 2372 1060 2413 ex
1091 2353 1207 2414 eodem
1237 2362 1368 2414 auctore
1394 2352 1473 2413 Dio·

220 2457 335 2519 dorum
358 2476 431 2518 eam
453 2456 637 2536 sumpsisse,
661 2456 745 2518 unde
767 2466 940 2519 stemmata
962 2465 995 2518 et
1023 2454 1156 2531 fabulas,
1181 2477 1261 2538 quas
1284 2458 1383 2519 modo
1405 2478 1473 2537 per-

219 2561 432 2636 lustravimus,
457 2559 548 2624 facile
571 2562 783 2642 cognoscitur.

304 2700 528 2782 Apollodorus
551 2701 635 2763 enim
657 2721 689 2781 p.
714 2700 796 2762 801.
824 2718 862 2777 14
884 2720 955 2781 sqq.
975 2709 1008 2761 et
1030 2721 1061 2781 p.
1085 2701 1168 2778 841.
1193 2717 1230 2780 23
1255 2737 1295 2748 -
1318 2723 1350 2783 p.
1375 2703 1416 2764 86
1439 2713 1472 2765 et

219 2808 341 2889 Hygini
365 2805 490 2869 fabulae
517 2808 575 2887 178
598 2816 631 2868 et
653 2823 712 2886 179
734 2825 864 2886 prorsus
887 2807 1001 2867 eadem
1020 2808 1135 2868 eodem
1159 2807 1268 2868 ordine
1291 2808 1348 2869 sed
1371 2808 1472 2870 multo

218 2912 364 2974 uberiore
387 2930 492 2991 neque
514 2911 678 2972 doctrinae
708 2920 843 2991 experta
871 2911 1051 2973 narratione
1081 2909 1245 2992 praebent.
1290 2913 1363 2992 lpse
1393 2913 1471 2975 locis

218 3017 421 3097 comparatis,
445 3037 497 3078 me
520 3037 585 3078 non
600 3017 732 3078 nimium
747 3016 866 3077 dixisse
888 3016 945 3078 tibi
966 3017 1169 3097 persuadeas
1201 3015 1348 3080 Semelae
1362 3027 1471 3079 autem

217 3131 338 3184 sortem
360 3121 524 3184 Diodorus
547 3122 644 3209 etiam
667 3120 737 3183 libri
758 3120 813 3185 Ill.
836 3142 863 3184 c.
878 3121 921 3198 64
944 3124 1006 3200 §3
1027 3142 1098 3203 sqq.
1129 3122 1239 3203 paullo
1267 3121 1381 3198 fusius,
1412 3124 1471 3184 sed

216 3227 346 3288 minime
365 3226 456 3289 aliter
470 3226 575 3292 tradit.
614 3223 712 3306 Quod
731 3226 940 3289 animadverti
960 3236 992 3288 et
1012 3228 1146 3289 concedi
1161 3247 1234 3289 cum
1250 3248 1322 3290 mea
1338 3229 1468 3303 intersit,

217 3342 388 3411 utrumque
403 3331 539 3394 Diodori
550 3330 659 3394 locum
675 3332 761 3394 iuxta
781 3331 994 3394 bibliothecae
1009 3332 1108 3394 verba
1125 3341 1157 3394 et
1179 3333 1301 3414 Hygini
1324 3333 1466 3396 fabulam

216 3435 403 3498 describam.
440 3436 514 3518 Ipse
539 3457 709 3517 compares
732 3439 828 3500 etiam
849 3437 951 3498 schol.
967 3432 1004 3504 Ξ.
1024 3451 1081 3516 325
1102 3436 1234 3513 ABDL,
1258 3440 1345 3520 quod
1366 3458 1468 3518 paene

215 3541 258 3602 ad
279 3542 413 3603 verbum
436 3563 509 3605 cum
533 3541 729 3604 bibliotheca
750 3543 909 3605 consentit
917 3543 967 3624 ⁶⁹).

220 3695 329 3745 Diodor.
350 3695 399 3744 III.
420 3696 462 3758 64.
482 3710 508 3760 3.
552 3697 657 3747 Diodor.
675 3697 720 3746 IV.
742 3711 766 3757 2,
787 3710 812 3747 2.
854 3695 916 3745 bibl.
929 3712 954 3760 p.
967 3695 999 3761 85
1022 3696 1039 3749 1.
1053 3709 1085 3758 29
1095 3713 1151 3762 sqq,
1211 3699 1434 3763 Hyg.fab.179.

247 3781 442 3849 μυθολογοῦσι
453 3779 508 3851 γὰρ
586 3782 619 3851 τῇ
654 3780 684 3832 δὲ
719 3782 828 3852 Σεμέλῃ
905 3781 1028 3851 Σεμέλης
1039 3778 1071 3834 δὲ
1081 3783 1152 3838 Ζεὺς
1228 3783 1296 3834 Iovis
1305 3801 1363 3833 cum
1373 3783 1470 3832 Semele

215 3862 366 3935 ἐρασθέντα
383 3870 440 3918 Δία
461 3886 508 3937 μι-
535 3864 581 3918 διὰ
605 3865 637 3918 τὸ
658 3863 755 3925 κάλλος
772 3872 828 3920 Δία
854 3862 1150 3937 ἒραᾳθεὶςκρύφασυν-
1176 3871 1256 3919 voluit
1297 3869 1469 3927 concumbere,

233 3953 316 4017 γῆναι
348 3945 493 4011 πλεονάκις
534 3955 650 4024 μιγέντα
682 3955 729 4004 καὶ
756 3949 827 4022 μεθ’
853 3945 997 4012 evulgatur.

216 4032 283 4106 αὐτῇ
310 4035 355 4100 (sc.
387 4039 507 4109 Σεμέλῃ)
532 4034 650 4106 ἡσυχίας
660 4033 830 4108 ποιούμενον

214 4118 308 4172 διὰτὸ
327 4118 434 4186 κάλλος,
533 4123 582 4184 τὰς
598 4120 709 4195 ὁμιλίας

213 4338 420 4346 --.-.-

254 4539 257 4544 ,
297 4492 333 4560 ⁸⁰)
351 4513 376 4545 v.
394 4496 510 4548 Eduard.
530 4499 671 4549 Schwartz:
695 4501 726 4549 de
745 4498 846 4548 scholiis
865 4497 1006 4546 Homericis
1025 4515 1050 4563 p.
1071 4510 1130 4564 445.
