3382 5228
823 456 1033 521 ,50-

301 611 382 662 schol.
391 612 473 663 Orest.
486 625 537 675 990
549 610 593 677 (C)
620 612 699 662 schol.
710 614 759 677 Ap.
769 613 819 661 Rh.
829 615 850 662 Ι.
859 624 915 677 752.
976 613 1082 663 Diodor.
1095 614 1140 665 IV.
1161 626 1201 676 73.

324 704 349 746 et
367 698 474 745 Tzetzae
492 696 572 746 schol.

377 780 439 845 Lyc.
460 780 516 844 156.

302 1808 386 1872 αὐτὸς
414 1814 445 1867 δὲ
475 1806 595 1867 ὄπισθεν

302 1896 427 1953 ἐλαύνων
448 1898 520 1972 μετὰ
547 1895 594 1952 δό-

300 2004 382 2052 ρατος
421 1988 469 2037 καὶ
509 2003 595 2037 κατα·

299 2065 452 2141 λαμβάνων
495 2065 596 2129 αὐτοὺς

299 2151 394 2227 ἀνῄρει
402 2155 483 2223 (thz.
491 2152 595 2227 ἀνῃρεῖ-

298 2258 329 2291 το
349 2239 398 2305 Q).

941 894 1013 943 μαος
1026 875 1091 929 ἔθυε
1108 872 1186 947 κριὸν
1198 878 1236 944 τῷ

941 965 998 1022 Διί,
1013 958 1027 1014 ὁ
1043 960 1073 1014 δὲ
1086 958 1235 1031 μνηστευό-

941 1064 1025 1115 μενος
1055 1041 1161 1117 ἐξώρμα
1192 1050 1234 1098 τί·

941 1137 1071 1203 θριππον
1111 1127 1235 1185 ἐλαύνων

942 1212 1017 1289 ἅρμα
1029 1232 1034 1243 ·
1044 1214 1235 1284 ἀγνισθέντων

942 1301 972 1355 δὲ
991 1305 1046 1357 τῶν
1065 1303 1152 1375 ἱερῶν,
1173 1299 1234 1356 τότε

941 1381 1080 1455 ἔρχεσθαι
1104 1391 1155 1441 τοῦ
1173 1385 1235 1459 δρό-

940 1494 997 1546 μου
1022 1472 1071 1527 τὸν
1093 1467 1235 1544 Οἰνόμαον

941 1564 985 1612 καὶ
1029 1557 1140 1613 διώκειν
1185 1557 1235 1612 τὸν

940 1648 1098 1718 μνηστῆρα,
1135 1645 1234 1714 ἔχοντα

941 1726 1010 1802 δόρυ
1040 1733 1088 1782 καὶ
1119 1726 1235 1799 ἡνίοχον

939 1812 989 1868 τὸν
1024 1817 1180 1882 Μυρτίλον.
1210 1818 1236 1867 εί

940 1900 964 1954 δ’
997 1901 1124 1971 ἐφίκοιτο
1150 1918 1234 1951 κατα-

942 1990 1034 2052 λαβεῖν
1066 1983 1098 2038 τὸ
1134 1980 1233 2038 διωκό-

939 2090 1027 2142 μενον
1050 2065 1139 2141 ἅρμα,
1163 2068 1233 2124 τύπ-

939 2174 996 2210 τειν
1014 2159 1052 2222 τῷ
1072 2151 1167 2227 δόρατι
1187 2160 1233 2208 καὶ

940 2243 1119 2312 διαφθείρειν
1185 2237 1233 2293 τὸν

938 2328 1091 2398 μνηστῆρα,

436 2423 507 2496 μετὰ
543 2422 593 2493 τὴν
671 2428 912 2498 καὶδνεῖλεντρεῖς
988 2425 1077 2494 τούτῳ
1119 2427 1151 2479 δὲ
1193 2427 1230 2493 τῷ

255 2543 259 2549 -
298 2513 354 2565 τῶν
384 2507 490 2566 δώδεκα
523 2531 591 2583 νυμ-
618 2512 738 2566 καὶδίκα
747 2517 912 2587 μνηστῆρας,
938 2510 1034 2585 τρόπῳ
1079 2512 1144 2571 τοὺς
1188 2507 1229 2564 ἀεὶ

299 2601 374 2667 φίων
392 2594 592 2672 ἀναίρεσιν...
619 2595 655 2658 ὡς
669 2600 811 2670 Πίνδαρος
827 2599 879 2667 (Ol.
899 2605 911 2651 I
964 2601 1208 2671 μνηστευομένους

620 2685 662 2749 79)
682 2687 794 2754 ἱστορεῖ.

938 2681 1161 2756 καταλαμβάνων
1183 2679 1229 2736 διὰ

936 2768 987 2834 τὴν
1022 2766 1139 2836 ὀξύτητα
1175 2770 1231 2821 τῶν

938 2859 1034 2908 ἵππων
1109 2855 1232 2913 πολλοὺς

937 2939 1040 3015 ἀνῄρει.

1307 615 1377 677 Hyg.
1396 613 1450 667 sab.
1471 618 1522 679 84.

1308 2430 1394 2478 multis
1408 2429 1562 2496 interfectis,

351 3037 420 3103 αὕτη
438 3038 487 3091 τὸν
506 3044 591 3092 Πέλο-
671 3038 803 3103 ἐλθόντος
818 3044 911 3096 δὲτοῦ
990 3039 1112 3110 Πίλοψὸ
1127 3036 1232 3093 Ταντά-
1310 3041 1444 3090 novissime
1461 3042 1558 3109 Pelops

298 3140 339 3174 πα
351 3121 450 3176 ἰδοῦσα
460 3121 591 3195 ὡραῖον...
619 3131 748 3188 Πέλοπος
779 3131 827 3183 ἐπὶ
863 3126 913 3183 τὸν
939 3132 987 3180 λου
1009 3123 1181 3195 καταντήσας
1194 3132 1233 3186 εἰς
1258 3125 1360 3174 Tantali
1398 3126 1463 3175 filius
1495 3142 1556 3178 cum

301 3208 593 3280 ἕρωτατούτουκατεί-
619 3204 710 3267 ἆθλον
727 3211 798 3284 μετὰ
815 3218 912 3268 ἵππων
938 3218 1032 3266 Πῖσαν
1059 3217 1106 3264 καὶ
1129 3211 1231 3267 θεασὰ-
1258 3210 1366 3259 venisset
1409 3219 1434 3260 et
1469 3213 1557 3277 capita

296 3312 364 3360 χετο
373 3298 420 3347 καὶ
430 3289 591 3361 (Ττῐτ.ἢ(ἷ.)
619 3297 780 3365 δεδομένων
838 3295 912 3370 αύτῴ
937 3315 1021 3369 μενος
1033 3297 1083 3365 τὴν
1096 3295 1231 3353 Ἱπποθά-
1257 3295 1367 3345 humana
1379 3312 1454 3361 super
1467 3296 1557 3348 valvas

298 3379 335 3444 τῷ
358 3383 495 3451 Μυρτίλῳ
522 3384 592 3449 φησι
622 3380 676 3432 ὑπὸ
726 3387 911 3449 Ποσειδῶνος,
937 3402 1038 3452 μειαν,
1069 3382 1231 3456 ἐπεθύμησε
1257 3379 1306 3428 fixa
1329 3380 1432 3429 vidisset
1455 3395 1553 3443 eorum,

297 3467 466 3535 συνεργῆσαι
479 3465 518 3535 τῷ
530 3484 591 3519 νεα·
617 3467 768 3534 ἐρασθεῖσα
782 3467 795 3532 ἦ
811 3467 912 3524 Ἶπττο·
938 3475 987 3521 τοῦ
1007 3464 1111 3538 μα’μου.

297 3552 343 3616 νίηι
374 3552 412 3609 εἰς
442 3546 493 3615 τὴν
521 3547 591 3603 κατὰ

297 3639 348 3686 τοῦ
365 3630 470 3708 πατρὸς
486 3640 574 3701 νίκην.

643 3549 746 3625 δύμεια
781 3557 889 3611 ἔπεισεν

617 3642 776 3705 Μυρτίλον,
790 3643 840 3696 τὸν
853 3638 911 3713 Ἑρ-

617 3728 675 3793 μοῦ
716 3725 771 3796 μὲν
811 3730 911 3794 παῖδα,

620 3804 823 3879 ἁρματοπηγὸν
881 3816 912 3870 δὲ

618 3895 666 3944 καὶ
692 3891 808 3965 ἡνίοχον
830 3903 912 3954 Οἰνο-

618 3972 708 4046 μάου,
736 3981 912 4055 παρασκευά-

620 4077 667 4117 σαι
696 4061 745 4132 [ιύς
766 4068 825 4134 (om.
844 4070 910 4138 L.)]‚

618 4157 818 4221 κατατροχίσαι
864 4152 912 4211 τὸν

618 4239 734 4304 πατέρα,
756 4242 911 4312 βουλομένη

618 4322 726 4373 Πέλοπι
804 4322 911 4399 γήμασ-

617 4411 728 4459 θαι...

1257 3465 1301 3528 qui
1315 3464 1514 3530 Hippodamiam
1526 3468 1555 3516 in

1258 3566 1360 3614 uxorem
1418 3552 1552 3617 petierant,

1258 3636 1386 3699 paenitere
1397 3652 1454 3685 eum
1470 3638 1555 3701 coepit

1257 3721 1323 3784 regis
1379 3721 1554 3770 crudelitatem

1257 3805 1355 3855 timens.
