3382 5228
737 456 950 522 ,μ-

220 614 261 694 (p.
285 613 327 692 69
350 612 369 674 l.
398 628 435 692 19
457 610 559 692 sqq.):
597 605 776 688 »ἑσσάμενος
798 609 816 669 δ
823 606 833 628 ²
857 609 887 670 ἓν
912 611 1043 693 Τίρυνθι
1066 609 1185 689 τέμενος
1206 607 1371 686 Ἐνυαλίου,
1393 611 1471 688 μετὰ

220 722 400 797 Τελαμῶνος
432 739 464 778 τε
496 716 546 776 καὶ
578 713 707 796 Πηλίιος
737 715 786 775 καὶ
825 714 956 788 Οἷκλίιος
989 716 1035 776 ἐπὶ
1071 716 1184 797 Τροίαν
1215 715 1471 797 στρατευσάμενος

218 817 292 884 εἷλεν
314 823 370 883 τὰν
391 820 486 896 πόλιν,
506 820 714 899 Λαομεδόντιε
744 822 794 880 καὶ
820 822 890 893 τοὺς
911 819 993 893 οἴους
1015 821 1191 892 ἀποκτείνας
1212 821 1289 881 πλδιν
1309 815 1469 902 Πριάμου·

220 925 367 1007 Τελαμών
388 950 420 987 τε
441 924 583 988 Ἡσιόναν
604 923 712 1005 ἐλαβεν
732 927 789 988 τὰν
809 921 954 1008 Πριάμου
974 921 1121 1009 ἀδελφάν,
1144 926 1173 998 ἓξ
1195 919 1230 998 ἇς
1253 930 1385 1007 Τεῦκρον
1406 923 1471 986 υἲδν

217 1031 324 1094 ἔδεται
343 1079 350 1092 .
370 1080 402 1093 ..
448 1032 513 1094 Sed
543 1053 648 1113 neque
675 1032 706 1093 in
736 1032 845 1095 tabula
867 1033 1061 1095 Farnesiana
1085 1033 1124 1114 (v.
1153 1052 1185 1113 p.
1208 1032 1250 1111 69
1280 1031 1299 1094 l.
1328 1048 1365 1109 14
1388 1034 1470 1113 sqq.)

217 1159 320 1219 neque
343 1139 374 1201 in
394 1138 589 1200 bibliotheca
612 1137 736 1218 legitur,
760 1136 933 1200 Herculem
948 1137 1212 1218 Argonautarum
1227 1137 1350 1199 socium
1366 1137 1470 1218 primo

217 1244 347 1306 Troiam
370 1245 510 1317 venisse,
535 1251 680 1304 monstro
703 1244 825 1305 marino
848 1246 1042 1325 interempto
1065 1244 1242 1305 Hesionam
1265 1243 1347 1323 patri
1370 1243 1468 1304 reddi-

216 1350 313 1422 disse,
350 1357 462 1430 postea
491 1349 590 1410 Troia
622 1356 717 1429 capta
752 1348 877 1411 Priamo
909 1369 1044 1429 regnum
1077 1346 1260 1421 tradidisse,
1297 1349 1352 1429 qui
1382 1348 1470 1410 solus

217 1454 407 1528 monuisset,
443 1462 478 1516 ut
514 1454 683 1515 Laomedo
718 1463 811 1534 pater
846 1455 1006 1535 promissa
1044 1461 1230 1534 praestaret.
1276 1451 1362 1532 Quid
1393 1473 1469 1514 vero

216 1562 305 1640 quod
318 1560 481 1622 Diodorus
503 1558 583 1621 infra
603 1559 717 1620 eadem
732 1559 811 1621 haec
827 1561 858 1621 in
873 1558 1157 1639 Scytobrachionis
1173 1558 1468 1638 Argonauticorum

217 1666 359 1746 epitoma
381 1663 506 1727 narrat?
543 1663 593 1726 Ne
608 1684 685 1725 vero
702 1663 765 1726 ulla
788 1674 886 1727 restet
908 1665 1073 1740 dubitati0,
1097 1666 1165 1746 ipse
1181 1663 1271 1726 locos
1286 1684 1464 1745 compares,

251 1787 357 1836 Diodor.
380 1787 427 1835 IV.
452 1799 494 1848 49.
518 1784 544 1832 6:
644 1777 694 1835 τόν
718 1800 747 1835 τε
771 1779 824 1853 γάρ
910 1785 1017 1834 Diodor.
1035 1787 1081 1836 IV.
1100 1799 1141 1849 32.
1159 1801 1190 1846 4:
1213 1779 1349 1851 Ἡρακλῆς
1366 1780 1397 1833 δὲ
1415 1781 1467 1850 τὴν

215 1867 712 1946 Λαομεδόντα(Ηρακλέα)φονεδσαι,
725 1871 825 1936 καὶτῆς
859 1869 942 1925 πόλιν
966 1867 1036 1925 ἐλών
1060 1867 1129 1926 κατά
1150 1867 1248 1943 κράτος
1274 1875 1320 1924 καὶ
1346 1871 1468 1930 πολλοὺς

215 1959 321 2023 πόλεως
338 1964 367 2023 ἐξ
388 1959 495 2032 ἐφόδου
513 1960 686 2034 κρατήσαντα
705 1957 823 2012 κολάσαι
858 1962 888 2014 ἐν
909 1963 1013 2033 χειρῶν
1040 1960 1118 2033 νόμῳ
1144 1959 1325 2031 κατασφάξας
1346 1956 1466 2034 Πριάμῳ

215 2053 268 2122 μὲν
291 2051 357 2111 τοὺς
380 2045 572 2121 μετασχόντας
593 2051 632 2116 τῴ
651 2052 759 2114 βασιλεῖ
777 2051 824 2114 τῆς
859 2047 909 2116 τὴν
934 2054 1077 2117 βασιλείαν
1107 2047 1233 2104 άπέδωκε
1262 2050 1317 2104 τῶν
1341 2046 1466 2102 Ἰλιαδῶν

215 2141 375 2206 ἐπιβουλῆς,
413 2135 533 2208 Πριάμῳ
563 2138 594 2190 δέ
623 2137 670 2190 διά
702 2134 752 2202 τὴν
783 2136 825 2187 δι·
860 2136 906 2190 διά
924 2138 973 2204 τὴν
991 2137 1181 2205 δικαιοσύνην.

214 2226 365 2294 καιοσόνην
379 2226 560 2296 παραδοῦναι
571 2224 621 2293 τὴν
632 2230 807 2292 βασιλείαν..
819 2265 825 2278 .

265 2334 312 2383 IV.
326 2346 368 2395 49.
381 2343 409 2392 3:
432 2330 478 2381 καὶ
491 2330 556 2388 τοὺς
566 2329 618 2400 μὲν
631 2325 732 2387 άλλους
744 2329 822 2388 υἱοὺς
907 2333 952 2383 IV.
971 2346 1011 2397 3²¹
1032 2343 1060 2397 5:
1084 2323 1165 2388 οὗτος
1176 2329 1231 2402 γάρ
1242 2326 1314 2395 (scd
1330 2336 1461 2401 Πρίαμος

215 2419 289 2491 ἔχειν
306 2421 339 2492 τῇ
357 2413 453 2484 πράξει
471 2415 627 2500 συνεργούς,
645 2422 776 2491 Πρίαμον
788 2419 820 2472 δέ
854 2417 939 2490 μόνος
974 2421 1031 2473 τοῖν
1066 2419 1134 2473 υἱῶν
1172 2421 1223 2471 τοῦ
1259 2421 1463 2486 Λαομέδοντος

213 2504 303 2582 μόνον
328 2509 616 2580 ἐναντιοπραγοῦντα·
649 2506 749 2562 τοῦτον
766 2505 820 2581 γάρ
854 2507 1068 2580 ἐναντιούμενος
1096 2511 1134 2576 τῷ
1167 2510 1252 2579 πατρὶ
1281 2506 1328 2564 τάς
1358 2511 1462 2570 ἵππους

214 2592 418 2669 ἀποφήνασθαι
439 2598 498 2650 δεῖν
515 2593 549 2650 τά
569 2597 639 2668 πρὸς
651 2596 715 2656 τοὺς
727 2598 820 2658 ξένους
854 2595 1014 2652 ἀποδοῦναι
1036 2593 1250 2663 συνεβούλευσεν
1273 2597 1312 2663 τῷ
1334 2594 1463 2668 Ἡρακλεῖ

214 2690 308 2742 δίκαια
327 2691 426 2758 τηρεῖν,
446 2689 494 2738 καὶ
513 2680 563 2752 τήν
582 2704 612 2739 τε
628 2682 756 2756 ἀδελφὴν
772 2688 820 2737 καὶ
853 2684 922 2740 κατά
941 2685 990 2745 τάς
1008 2687 1183 2754 ἐπαγγελίας.

213 2776 261 2836 τάς
279 2773 496 2848 ὡμολογημένας
515 2778 620 2833 ἵππους
640 2770 819 2828 ἀποδιδόναι.

298 2898 411 2978 ltaque
442 2895 530 2975 quod
560 2895 590 2956 in
613 2894 841 2975 Argonauticis
869 2894 1127 2968 observavimuS,
1158 2894 1272 2956 iterum
1295 2893 1467 2974 probatur:

214 3004 377 3066 Diodorus
407 3022 424 3063 e
453 3001 548 3062 variis
584 2999 725 3063 fontibus
761 3019 878 3061 novam
908 3000 1074 3062 historiam
1105 3000 1301 3062 contaminat
1336 3020 1468 3080 prorsus

215 3110 330 3170 eodem
347 3107 456 3181 modo,
481 3127 546 3188 quo
562 3105 751 3168 scholiastas
774 3102 906 3188 ἱστορίας
928 3100 1100 3167 fabricasse
1123 3104 1284 3186 praeclare
1300 3105 1467 3170 Eduardus

215 3213 379 3275 Schwartz
401 3213 431 3273 in
454 3212 581 3275 scholiis
598 3212 777 3274 Homericis
800 3211 1040 3272 demonstravit.
1086 3211 1191 3272 Etiam
1209 3210 1342 3273 Homeri
1357 3234 1468 3275 versus

217 3319 269 3398 (E.
291 3319 472 3397 638-642)
502 3327 689 3398 repetuntur
718 3338 737 3379 a
765 3316 912 3378 Diodoro
943 3317 986 3376 in¹
1001 3315 1229 3396 Argonauticis
1260 3339 1286 3379 c.
1315 3336 1358 3397 49
1388 3322 1408 3398 ξ
1436 3336 1465 3399 7.

215 3423 333 3486 Utrum
362 3435 470 3485 autem
501 3425 532 3484 in
561 3421 831 3504 mythographico
861 3421 996 3483 Diodori
1027 3420 1130 3495 fonte,
1161 3441 1258 3500 quem
1289 3422 1465 3486 fabularum

215 3531 442 3610 discrepantias
466 3528 649 3591 exhibuisse
672 3529 734 3591 iam
757 3527 884 3608 saepius
907 3526 1130 3600 intelleximus
1155 3528 1344 3589 adnotatum
1363 3527 1464 3601 fuerit,

214 3635 390 3696 secundum
412 3635 591 3696 Homerum
614 3634 787 3696 Herculem
818 3653 876 3694 sex
900 3634 998 3695 modo
1022 3633 1155 3695 navibus
1178 3633 1308 3693 Troiam
1331 3632 1488 3706 venisse„¹

214 3759 255 3800 an
278 3740 345 3820 ipse
368 3740 536 3803 historicus
558 3740 693 3801 Homeri
720 3739 915 3800 mentionem
944 3738 1101 3800 addiderit
1128 3739 1208 3799 sicut
1230 3737 1283 3799 ΙΙΙ.
1308 3737 1359 3804 66,
1384 3755 1400 3815 3
1423 3767 1465 3788 =

215 3844 237 3905 Ι.
266 3858 312 3922 15.
337 3860 356 3924 7
378 3874 420 3898 =
442 3846 500 3910 IV.
524 3862 553 3908 2.
574 3864 611 3922 4,
635 3845 806 3908 diiudicare
828 3863 963 3925 nequeo.

214 4152 374 4201 statuendum
392 4159 442 4211 est,
466 4153 498 4200 ab
515 4150 565 4201 alio
581 4159 669 4216 postea
687 4167 741 4201 esse
758 4151 857 4200 additas
876 4150 929 4214 (rin
946 4150 1015 4200 einer
1035 4155 1149 4215 spiiteren
1169 4151 1313 4216 Auflage«,
1339 4152 1371 4201 cf.
1387 4153 1464 4216 Jahn-

215 4241 349 4290 Michaelis
370 4241 388 4291 l.
412 4241 429 4291 l.
453 4249 506 4293 not.
530 4255 581 4304 430
605 4259 631 4307 p.
650 4239 699 4306 84).
735 4242 776 4290 De
800 4239 958 4304 undeviginti
981 4239 1129 4290 hexametris
1153 4241 1312 4289 restituendis
1336 4257 1359 4289 v.
1377 4241 1464 4290 Udalr.

215 4330 246 4379 de
258 4329 425 4378 Wilamowitz
443 4329 470 4378 in
482 4329 584 4378 Kaibeli
597 4331 805 4394 epigrammatum
821 4330 970 4379 collectione
989 4332 1035 4379 sub
1047 4345 1150 4380 numero
1166 4330 1238 4379 1082.
1274 4331 1367 4377 Versus
1383 4340 1462 4391 1-13

213 4419 289 4467 etiam
306 4418 332 4466 in
350 4418 437 4468 codice
456 4418 625 4467 Laurentiano
646 4428 703 4469 ante
722 4420 855 4484 Sophoclis
874 4419 1021 4470 Trachinins
1039 4419 1164 4484 leguntur.
