3382 5228
821 500 1027 560 ...33-

300 672 452 733 mandato
483 691 584 752 usque
615 672 655 732 ad
682 670 818 732 Medeae
848 671 878 731 ln
907 670 1021 731 Asiam
1051 669 1205 731 reditum<¹
1240 669 1413 750 sumpsisse
1436 669 1556 732 diserte

298 777 466 838 Eduardus
491 775 653 838 Schwartz
677 774 824 836 affirmat.

383 881 509 942 Revera
539 891 647 942 autem
682 882 815 942 Diodori
850 881 890 941 de
921 879 1036 941 Medea
1069 879 1283 940 narrationem
1316 881 1442 962 saepius
1479 902 1553 943 cum

298 986 503 1066 Apollodoro
525 994 557 1047 et
572 986 705 1066 Hygino
729 986 912 1056 cohaerere,
937 1004 1032 1046 nemo
1056 1005 1119 1046 non
1142 985 1219 1046 vidit
1242 994 1274 1045 et
1298 1006 1356 1047 nos
1374 987 1554 1048 accuratius

298 1111 394 1171 supra
423 1092 630 1153 ostendimus.
676 1091 811 1152 Accedit
837 1091 933 1151 etiam
955 1091 1126 1153 Pausanias
1148 1090 1199 1170 (II.
1224 1092 1269 1171 3),
1294 1091 1347 1171 qui
1370 1091 1454 1153 idem
1478 1090 1553 1165 fere,

299 1198 387 1275 quod
409 1197 587 1272 Diodorus,
617 1197 713 1258 tradit
736 1195 843 1257 multis
866 1204 975 1257 tamen
998 1205 1030 1257 et
1060 1197 1137 1256 raris
1160 1197 1243 1257 notis
1266 1196 1397 1269 additis,
1428 1214 1511 1275 quae
1535 1217 1554 1257 a

298 1301 427 1364 scholiis
457 1303 497 1363 ad
527 1303 651 1364 Pindari
682 1301 828 1364 carminis
859 1299 1004 1381 Olympii
1034 1300 1110 1362 XIII
1139 1321 1168 1362 v.
1192 1317 1234 1381 74
1262 1310 1294 1362 et
1323 1301 1363 1362 ad
1393 1300 1554 1382 Euripidis

299 1407 434 1468 Medeae
457 1429 485 1468 v.
514 1425 550 1469 10
574 1429 636 1469 non
660 1408 781 1469 alienae
804 1415 885 1467 sunt.
932 1404 1006 1486 Quo
1032 1407 1162 1487 cognito
1185 1403 1355 1468 Udalricus
1384 1407 1424 1468 de
1452 1406 1555 1468 Wila·

299 1514 442 1586 mowitz,
477 1533 549 1574 cum
584 1514 649 1574 iure
684 1512 853 1575 Eduardus
886 1509 1049 1573 Schwartz
1079 1511 1388 1593 Scytobrachionem
1417 1510 1555 1575 Diodori

299 1618 369 1679 libri
392 1619 440 1679 IV
462 1618 619 1698 capitibus
641 1618 769 1695 40-56
791 1625 955 1678 auctorem
979 1617 1110 1679 subesse
1133 1617 1334 1679 contendisse
1354 1617 1412 1678 sibi
1428 1637 1554 1698 persua·

299 1724 400 1795 sisset,
425 1744 488 1784 non
512 1723 667 1785 dubitavit
687 1723 794 1784 omnia
808 1721 861 1783 illa
876 1723 1053 1800 exquisitae
1076 1724 1240 1785 doctrInae
1255 1721 1404 1784 fabularis
1419 1722 1554 1785 frustula

299 1831 340 1889 ad
363 1848 460 1889 unum
483 1828 571 1889 illum
591 1829 783 1907 Dionysium
807 1826 1000 1907 referre.¹⁰⁸)
1039 1826 1236 1890 Omittamus
1258 1826 1414 1890 hocloco
1437 1837 1553 1901 cetera,

299 1932 403 1995 solum
427 1935 466 1994 de
497 1933 703 2012 Apollodoro
731 1934 931 1995 disseramus
968 1930 1053 2012 Quid
1077 1932 1181 1995 enim?
1215 1933 1310 1995 Unde
1331 1933 1554 2014 Apollodorus

299 2038 481 2117 descripsit,
514 2059 596 2119 quae
619 2039 691 2099 inde
718 2039 760 2099 ab
782 2039 1044 2118 Argonautarum
1067 2038 1281 2119 expeditionis
1303 2037 1365 2100 fine
1389 2058 1489 2118 usque
1512 2041 1554 2101 ad

301 2143 435 2204 Medeae
465 2143 495 2203 in
532 2143 645 2204 Asiam
676 2145 811 2206 reditum
842 2142 957 2205 refert?
1009 2143 1083 2204 Non
1114 2144 1197 2204 enim
1232 2144 1311 2204 haec
1339 2145 1481 2224 pendent
1511 2145 1553 2207 ab

300 2248 453 2328 Apolloni
466 2247 702 2331 Argonauticis,
728 2251 781 2331 qui
797 2249 894 2310 linem
910 2249 1057 2310 carminis
1069 2247 1150 2322 secit,
1168 2269 1240 2309 cum
1252 2250 1462 2329 Argonautae
1475 2250 1554 2313 salvi

299 2364 331 2415 et
348 2353 461 2433 integri
478 2354 616 2415 victores
631 2356 672 2415 ad
689 2353 841 2416 Graeciae
856 2374 928 2415 oras
944 2352 1118 2434 adpellunt.
1150 2353 1239 2434 Ergo
1256 2355 1362 2416 omnia
1378 2355 1431 2417 illa
1445 2377 1554 2418 secun-

299 2459 376 2520 dum
388 2458 528 2520 Eduardi
546 2457 707 2521 Schwartz
724 2461 914 2522 sententiam
925 2461 965 2521 ad
978 2459 1272 2539 Argonauticorum
1288 2462 1554 2523 commentarium

301 2565 469 2644 pertinent.
500 2563 547 2626 At
570 2564 644 2626 nihil
668 2565 780 2628 harum
803 2586 907 2626 rerum
932 2565 1045 2645 legitur
1061 2565 1091 2624 in
1107 2563 1262 2644 Apolloni
1288 2566 1424 2638 scholiis,
1449 2566 1555 2646 qualia

300 2690 358 2731 nos
381 2680 535 2746 tenemus,
559 2690 636 2731 sane
660 2691 764 2751 neque
787 2671 980 2752 pauperibus
1002 2689 1105 2748 neque
1130 2670 1212 2730 male
1235 2670 1366 2746 habitis;
1392 2673 1491 2734 immo
1514 2692 1554 2734 ne

302 2777 393 2837 unius
426 2776 555 2856 quidem
585 2777 709 2857 vestigii
737 2777 859 2856 species
882 2775 913 2836 in
939 2777 984 2837 eis
1009 2775 1192 2855 indagatur,
1226 2795 1289 2856 qua
1313 2777 1483 2858 quisquam
1510 2780 1555 2841 uti

299 2882 416 2961 possit,
447 2890 482 2942 ut
512 2882 726 2956 demonstret,
759 2880 854 2943 fuisse
885 2881 1015 2960 longam
1048 2880 1135 2941 illam
1163 2881 1375 2942 narrationem
1400 2903 1554 2963 umquam

300 2989 330 3048 in
361 2988 426 3049 ullo
456 2987 612 3068 Apolloni
641 2987 882 3049 commentario,
935 2986 1046 3066 Atque
1079 2986 1105 3045 si
1135 2995 1373 3066 praeoccuputa
1401 2986 1553 3066 opinione

300 3093 380 3155 liber
403 3114 471 3155 rem
494 3092 728 3166 deliberaveris,
752 3111 857 3172 spero,
888 3101 920 3153 te
944 3092 1019 3153 mihi
1042 3111 1112 3153 esse
1134 3110 1370 3163 concessurum,
1393 3091 1448 3152 vix
1470 3091 1556 3152 credi

301 3218 407 3278 posse,
431 3198 583 3260 adiecisse
598 3213 759 3277 umquam
782 3197 938 3277 Apolloni
971 3197 1177 3278 interpretem
1200 3196 1331 3257 doctam
1354 3205 1386 3257 et
1411 3195 1555 3277 amplam

301 3303 606 3366 commentationem
630 3303 670 3363 de
693 3300 901 3376 facinoribus,
932 3322 1014 3382 quae
1038 3302 1154 3363 Medea
1175 3301 1206 3361 in
1231 3299 1360 3374 Peliam,
1389 3299 1552 3373 Creusam,

301 3430 377 3471 suos
400 3410 497 3490 ipsius
528 3406 660 3480 liberos,
688 3407 867 3481 Theseum,
899 3407 1027 3470 Persem
1050 3416 1200 3488 patruum
1228 3407 1396 3468 commisit.
1441 3406 1554 3486 Itaque

300 3515 384 3576 cadit
414 3515 611 3588 coniectura,
654 3532 751 3591 quam
781 3512 949 3575 Eduardus
979 3510 1141 3573 Schwartz
1169 3513 1209 3572 de
1241 3510 1396 3593 Apolloni
1426 3510 1555 3573 scholiis

299 3619 512 3681 bibliothecae
535 3616 623 3678 sonte
647 3619 824 3698 proposuit,
853 3638 957 3699 neque
980 3618 1154 3679 audiendus
1177 3624 1235 3690 est,
1260 3617 1313 3696 qui
1337 3637 1383 3691 ea,
1408 3636 1491 3696 quae
1513 3617 1555 3678 de

301 3725 499 3806 Argonautis
529 3725 560 3784 in
589 3723 800 3797 bibliotheca,
833 3745 897 3786 non
927 3733 1034 3785 autem
1064 3724 1094 3785 in
1117 3722 1245 3786 scholiis
1267 3722 1492 3803 Apollonianis
1514 3721 1555 3784 Ie·

301 3840 432 3908 guntur,
465 3830 524 3892 illis
546 3830 710 3891 adicienda
734 3851 803 3891 esse
827 3830 1042 3910 pronuntiavit
1065 3830 1105 3891 ab
1128 3850 1184 3904 eo,
1215 3829 1268 3911 qui
1291 3827 1555 3890 commentarium

300 3937 340 3997 ad
367 3937 530 3997 Rhodium
553 3936 718 3997 restituere
741 3937 894 3997 studeret.

386 4042 540 4117 Accedit,
572 4042 659 4119 quod
683 4062 778 4102 nemo
807 4042 859 4122 qui
883 4040 986 4101 solam
1013 4039 1208 4120 Apollodori
1230 4041 1271 4101 de
1292 4041 1555 4120 Argonautarum

301 4148 507 4227 expeditione
530 4148 742 4208 narrationem
766 4146 860 4226 legit,
892 4146 1075 4222 intellegere
1095 4146 1214 4223 nequit,
1246 4143 1459 4206 bibliothecae
1482 4160 1557 4203 auc·

301 4263 404 4314 torem
429 4252 585 4332 Apolloni
615 4273 743 4314 carmen
771 4262 845 4313 ante
869 4252 979 4314 oculos
1019 4271 1083 4312 non
1111 4250 1268 4312 habuisse.
1314 4249 1398 4310 Nam
1421 4246 1555 4329 Apollo-

387 4476 436 4543 108)
461 4497 484 4529 v.
499 4481 611 4530 Exkurse
630 4497 659 4528 zu
678 4481 811 4545 Euripides
830 4480 935 4528 Medea:
957 4479 1063 4527 Hermes
1082 4478 1130 4526 XV
1149 4494 1173 4541 p.
1191 4477 1241 4540 485
1261 4493 1285 4527 n.
1304 4492 1327 4527 2.
