3382 5228
215 774 380 854 quaesivit,
405 793 481 836 num
504 772 639 836 sortasse
662 775 693 834 in
716 771 856 837 frustulis
878 775 1167 857 mythographicae
1189 775 1353 837 doctrinae
1369 794 1475 856 usque

215 880 256 941 ad
279 888 422 941 nostram
445 888 586 941 aetatem
608 886 755 941 servatae
778 879 1006 953 invenirentur,
1041 900 1124 960 quae
1146 901 1189 943 ex
1211 880 1292 942 illius
1315 881 1476 944 thesauris

215 985 384 1066 diligenter
416 986 536 1046 coactis
571 984 795 1048 manavissent.
841 985 934 1047 Nova
967 1004 1044 1046 vero
1082 1006 1120 1048 ac
1156 1006 1232 1048 sane
1268 987 1376 1066 gravia
1411 985 1470 1048 sibi

217 1091 341 1152 videtur
371 1090 505 1152 eruisse:
541 1109 614 1151 narn
649 1109 713 1151 non
743 1091 842 1152 modo
871 1090 978 1152 omnia
1006 1110 1125 1171 paene,
1159 1111 1243 1173 quae
1276 1090 1397 1152 scholia
1429 1092 1472 1153 ad

217 1196 439 1279 Apollonium,
463 1196 504 1256 ad
526 1194 688 1276 Euripidis
711 1194 871 1269 Medeam,
894 1195 935 1257 ad
956 1195 1080 1258 Pindari
1103 1195 1254 1276 Pythium
1277 1215 1406 1257 carmen
1423 1194 1471 1258 IV

216 1302 255 1364 de
278 1302 542 1383 Argonautarum
572 1300 702 1362 historia
731 1301 861 1362 tradunt
889 1303 932 1382 (p.
964 1317 1053 1383 2sq.
1085 1309 1117 1362 et
1150 1317 1182 1378 31
1209 1300 1287 1382 sq.),
1323 1309 1355 1362 et
1388 1321 1471 1381 quae

216 1408 256 1469 de
285 1407 415 1469 Baccho
446 1405 496 1468 vel
527 1405 661 1467 Bacchis
688 1405 852 1468 Diodorus
881 1425 900 1467 a
930 1406 997 1468 libri
1021 1406 1066 1468 III
1097 1406 1203 1487 capite
1229 1406 1269 1466 62
1299 1426 1401 1487 usque
1429 1408 1471 1468 ad
1555 1465 1559 1473 .

215 1512 284 1574 libri
314 1511 362 1573 IV
393 1520 490 1592 caput
520 1524 534 1589 5
566 1509 662 1573 resert
690 1512 734 1592 (p.
757 1511 828 1591 46),
861 1520 958 1590 atque
986 1509 1082 1573 Siculi
1114 1511 1183 1574 libri
1213 1511 1226 1572 I
1257 1530 1321 1572 non
1354 1531 1472 1592 parvas

215 1626 323 1698 partes
357 1619 400 1698 (p.
439 1616 578 1698 47—56)
614 1616 655 1677 ad
692 1615 884 1696 Dionysium
923 1617 1045 1690 retulit,
1087 1619 1144 1679 sed
1183 1618 1280 1679 etianr
1319 1618 1476 1679 audacter·

215 1733 327 1786 contra
339 1723 536 1784 Fridericum
546 1719 584 1783 G.
593 1719 747 1782 Welcker
761 1719 933 1802 professus,
949 1721 1143 1802 Dionysium
1159 1720 1471 1802 Scytobrachionem

216 1851 235 1892 a
264 1827 486 1909 cyclographo
515 1846 580 1888 non
609 1846 680 1888 esse
709 1826 955 1889 discernendum
986 1827 1029 1908 (p.
1055 1841 1103 1908 57,
1129 1827 1197 1908 59),
1227 1828 1337 1889 statuit
1365 1847 1395 1908 p.
1420 1839 1470 1906 59,

217 1935 448 2015 Mytilenaeum
476 1940 597 1994 »totam
612 1931 778 1993 historiam
797 1931 973 1994 sabularem
996 1933 1069 1995 inde
1092 1952 1110 1993 a
1133 1932 1242 1993 mundi
1265 1933 1352 1994 initio
1370 1952 1473 2014 usque

215 2042 257 2102 ad
279 2039 399 2101 bellum
422 2037 600 2118 Trojanum
622 2035 885 2118 Argivorumque
915 2038 1033 2100 reditus
1061 2036 1235 2099 rationibus
1266 2039 1473 2119 pragmaticis

216 2164 314 2225 quam
343 2143 530 2225 saepissime
559 2142 707 2204 adhibitis
736 2141 787 2204 vel
816 2141 930 2205 sabulis
960 2142 1094 2204 vetustis
1124 2145 1403 2206 commemoratis«
1441 2145 1472 2206 in

216 2250 310 2331 cyclo
339 2268 409 2312 esse
439 2247 664 2329 complexum,
704 2247 757 2328 qui
791 2257 925 2329 propter
953 2247 1063 2310 crebra
1092 2248 1257 2328 epicorum
1287 2249 1472 2311 testimonia

217 2355 341 2436 primus
367 2353 512 2435 »epicus«
543 2360 628 2414 esset
650 2353 762 2414 dictus.
807 2353 919 2434 Atque
948 2353 1038 2415 multi
1068 2362 1100 2415 et
1130 2374 1263 2435 sagaces
1291 2354 1349 2415 viri
1377 2355 1474 2415 docta

216 2459 488 2522 commentatione
509 2458 594 2539 capti
617 2457 648 2518 in
670 2458 737 2519 eius
759 2460 950 2520 sententiam
972 2458 1109 2540 pedibus
1131 2459 1263 2523 iverunt.

302 2562 384 2626 Cum
417 2572 524 2625 autern
558 2583 608 2625 res
641 2581 705 2623 non
738 2562 842 2624 solum
877 2569 918 2626 ad
950 2564 1086 2625 Diodori
1121 2563 1226 2626 fontes
1261 2585 1334 2627 cum
1368 2562 1472 2627 sructu

215 2670 402 2731 tractandos
425 2677 577 2747 recteque
600 2667 843 2748 distinguendos
865 2669 981 2730 summi
1000 2670 1154 2731 momenti
1173 2671 1222 2744 sit,
1246 2668 1473 2731 verumetiam

217 2776 259 2838 ad
286 2783 388 2836 totam
419 2773 584 2835 historiam
614 2771 790 2835 sabularem
812 2773 1030 2848 iudicandam,
1065 2773 1111 2835 fas
1143 2795 1213 2836 esse
1243 2785 1339 2856 puto,
1373 2794 1472 2854 quam

218 2879 452 2943 accuratissime
467 2880 660 2953 examinare,
684 2897 767 2959 quae
781 2879 951 2941 Eduardus
966 2878 1128 2941 Schwartz
1144 2881 1317 2946 contendit.
1361 2879 1478 2958 Itaque

219 2986 314 3048 liceat
335 2985 411 3047 mihi
435 2982 570 3045 fortasse
593 2983 644 3045 vel
668 2983 781 3059 susiuS,
813 3004 910 3064 quarn
932 2985 995 3047 hoc
1017 2986 1090 3047 loco
1113 2993 1223 3065 aptum
1247 2986 1407 3058 videatur,
1432 2985 1472 3045 de

219 3091 376 3154 sententia
398 3091 570 3163 disserere,
594 3109 691 3170 quam
712 3090 760 3151 vir
782 3090 834 3153 ille
856 3092 970 3152 doctus
993 3093 1033 3154 de
1056 3089 1284 3170 Argonauticis
1306 3089 1385 3152 tulit.

302 3196 363 3258 Est
383 3204 491 3258 autern
514 3193 609 3256 haec:
633 3195 812 3257 Diodorum
837 3196 867 3257 in
882 3195 1145 3276 Argonautarum
1166 3193 1274 3258 sabula
1297 3195 1474 3257 enarranda

220 3301 289 3382 (IV.
313 3322 340 3363 c.
364 3300 500 3381 40—56)
528 3299 704 3380 »Dionysio
727 3300 925 3380 Mytilenaeo
948 3322 1040 3364 usum
1062 3321 1132 3362 esse
1155 3302 1238 3363 adeo
1261 3300 1360 3363 firmis
1383 3320 1473 3381 argu-

221 3407 335 3469 mentis
357 3406 552 3467 Fridericum
577 3403 615 3467 G.
639 3405 790 3467 Welcker
813 3406 984 3487 probasse,
1016 3416 1051 3469 ut
1081 3427 1182 3488 usque
1211 3410 1252 3470 ad
1280 3408 1365 3469 hunc
1387 3406 1473 3467 diem

220 3532 333 3574 omnes
363 3511 432 3572 viro
461 3509 701 3591 incomparabili
731 3511 964 3574 adsentirentur
1001 3533 1039 3575 ac
1072 3512 1194 3575 fabulas
1225 3511 1472 3594 ArgonauticaS,

219 3637 298 3698 quas
320 3636 340 3678 a
362 3615 475 3677 ceteris
490 3613 686 3678 Graecorum
711 3615 825 3678 fabulis
847 3617 1005 3697 sepositas
1028 3639 1090 3680 uno
1113 3627 1224 3680 tenore
1245 3619 1317 3680 inde
1333 3638 1351 3678 a
1368 3615 1476 3677 Peliae.

219 3723 373 3784 mandato'
395 3739 496 3800 usque
520 3721 560 3782 ad
584 3719 720 3782 Medeae
741 3723 772 3782 in
794 3721 907 3783 Asiam
930 3723 1065 3785 reditum
1088 3724 1250 3799 Diodorus
1273 3731 1407 3795 enarrat,
1431 3722 1476 3783 ad.

220 3848 316 3889 unam
347 3847 460 3888 omnes
491 3847 508 3888 e
538 3826 697 3906 Dionysio
727 3836 872 3908 sumptas
903 3846 974 3888 esse
1003 3829 1213 3910 constaret³);
1252 3850 1324 3892 curn
1364 3835 1474 3889 autem

221 3934 384 3995 Diodorus
412 3932 480 4013 ipse
511 3932 611 4006 dicat,
641 3926 833 4012 Dionysium
857 3942 1000 3995 veterum
1025 3944 1192 4014 poetarum
1216 3913 1472 4016 scriptorumque

220 4038 402 4099 testimonia
431 4057 595 4118 apponere
624 4037 753 4099 solitum
787 4057 873 4111 esse,
906 4036 1083 4101 fabularum
1114 4040 1359 4122 discrepantias,
1390 4057 1474 4118 quae

305 4226 327 4294 ³)
355 4229 422 4278 Sane
444 4244 518 4294 supra
542 4231 618 4278 ullam
637 4229 820 4278 dubitationem
838 4230 978 4278 Fridericus
999 4232 1031 4279 G.
1053 4231 1172 4278 Welcker
1190 4230 1384 4291 demonstravit,
1409 4229 1473 4278 Dio-

220 4319 311 4368 dorum
324 4318 476 4378 Mytilenaeo
495 4334 567 4367 usum
587 4334 639 4368 esse
650 4317 783 4379 Dionysio,
803 4333 856 4365 non
870 4318 976 4379 Milesio,
997 4320 1040 4367 sed
1056 4325 1136 4366 totam
1150 4319 1257 4366 Diodori
1275 4319 1307 4366 de
1319 4317 1478 4381 Argonautis

219 4407 388 4456 narrationem
417 4423 447 4455 ex
476 4408 519 4456 illo
547 4407 647 4456 fluxisse
672 4422 755 4470 neque
781 4406 818 4454 vir
844 4406 886 4455 ille
911 4406 1070 4455 doctissimus
1093 4405 1237 4464 contendit,
1270 4413 1294 4455 et
1317 4406 1474 4455 Christianus

217 4498 250 4546 G.
270 4497 361 4558 Heyne
385 4496 476 4545 diserte
501 4497 684 4554 »Diodorum«
710 4494 801 4558 inquit,
828 4493 869 4541 »in
892 4493 931 4542 his
949 4495 1072 4545 nonnulla
1089 4494 1141 4543 sive
1165 4494 1197 4544 de
1222 4510 1268 4543 suo
1293 4494 1344 4543 sive
1367 4511 1397 4544 ex
1415 4494 1474 4544 aliis

214 4585 389 4650 interposuisse
407 4600 459 4632 non
477 4600 582 4648 negem«
604 4583 641 4646 (in
659 4583 724 4632 Lud.
742 4582 857 4630 Dindorf
876 4582 984 4632 Diodori
1001 4582 1118 4632 editionis
1135 4584 1186 4631 vol.
1206 4586 1217 4632 Ι
1235 4601 1260 4648 p.
1279 4580 1385 4648 XCIV).
