3382 5228
731 444 943 506 -91,

214 593 369 673 fortasse,
400 615 498 675 quam
528 597 590 659 hoc
627 595 700 658 loco
734 605 846 677 aptum
874 598 1034 669 videatur,
1068 598 1231 660 disseram.
1283 597 1467 678 Aggrediar

214 709 322 763 autem
344 700 546 782 potissimum
563 701 750 763 Eduardum
774 700 946 779 Schwartz,
970 704 1090 784 quippe
1113 703 1166 784 qui
1188 703 1315 765 uberius
1331 711 1362 764 et
1377 723 1465 764 accu-

215 806 312 868 ratius
335 806 524 868 sententiam
551 808 746 887 exposuerit.

299 911 475 990 Postquam
498 912 583 973 enim
612 911 671 973 sibi
694 914 851 994 perhuasit
875 913 917 994 (p.
939 912 988 992 4),
1018 932 1120 993 paene
1151 913 1258 974 omnia
1285 913 1406 976 scholia
1426 914 1466 974 ad

217 1015 429 1098 Apollonium
451 1019 494 1097 (p.
524 1033 556 1077 11
582 1026 615 1078 et
639 1033 674 1094 31
700 1018 770 1099 sq),
801 1017 953 1080 nonnulla
974 1018 1015 1079 ad
1036 1018 1161 1080 Pindari
1184 1037 1279 1080 carm.
1302 1014 1396 1097 Pyth.
1419 1015 1467 1077 IV

216 1131 248 1184 et
270 1122 311 1183 ad
333 1121 493 1203 Euripidis
510 1121 658 1184 Medeam
681 1123 841 1203 descripta
863 1144 933 1185 esse
956 1143 974 1184 e
996 1123 1153 1203 Dionysio
1181 1120 1466 1203 Scytobrachione,

216 1247 248 1308 p.
269 1242 308 1304 30
328 1227 504 1306 inquirens,
538 1227 608 1307 quis
630 1235 753 1289 tantam
777 1229 858 1290 hane
880 1229 1043 1291 doctrinae
1073 1228 1192 1290 molem
1218 1249 1261 1290 ex
1283 1227 1364 1289 illius
1387 1226 1469 1289 libro

216 1332 256 1394 de
279 1331 506 1412 Argonauticis
538 1332 568 1393 in
602 1332 709 1394 Rhodi
740 1341 856 1414 poetae
886 1333 1134 1395 commentarios
1162 1333 1393 1408 transduxerit,
1425 1353 1469 1394 ex

217 1457 272 1511 eo,
305 1437 393 1516 quod
420 1436 451 1497 in
473 1436 572 1498 schol.
597 1437 662 1518 Ap.
686 1438 748 1500 Rh.
773 1439 796 1500 I.
828 1455 908 1518 1039
930 1460 950 1500 a
976 1437 1138 1519 Sophocle
1161 1438 1371 1519 grammatico
1396 1436 1469 1498 Dei·

216 1540 329 1604 lochus
359 1542 489 1620 quidam
517 1541 663 1617 affertur,
695 1563 760 1623 quo
783 1542 1094 1624 Scytobrachionem
1117 1565 1209 1606 usum
1239 1563 1310 1614 esse
1335 1542 1470 1605 traditur·

218 1630 348 1726 quidem
371 1667 546 1726 nusquam,
569 1650 627 1711 sed
650 1669 692 1710 ex
714 1658 871 1711 concentu
897 1648 996 1711 schol.
1021 1649 1086 1730 Ap.
1109 1649 1170 1711 Rh.
1194 1648 1218 1716 l,
1243 1664 1324 1728 1039
1349 1657 1381 1710 et
1403 1648 1469 1709 Pin-

217 1752 284 1813 dari
312 1752 407 1832 Pyth.
435 1753 492 1820 IV.
526 1769 584 1834 337
608 1748 762 1835 adparere
793 1763 900 1835 putat,
936 1753 1107 1829 conclusit,
1140 1753 1337 1835 Sophoclem
1371 1753 1468 1826 illurn,

219 1877 316 1938 quern
339 1858 420 1919 inter
436 1858 592 1940 Apolloni
612 1858 801 1921 scholiastas
827 1860 1017 1940 subscriptio
1040 1860 1192 1934 nominat,
1209 1860 1345 1940 Dionysi
1361 1859 1471 1938 copias

220 1964 251 2024 in
282 1965 548 2027 commentarium
579 1965 840 2046 transscripsisse.
885 1963 982 2044 Quod
1014 1967 1041 2027 si
1068 1986 1179 2027 verum
1215 1973 1300 2028 esset
1328 2001 1370 2010 -
1398 1984 1472 2025 nam

219 2070 459 2132 demonstrasse
489 2071 520 2132 id
549 2071 737 2133 Eduardum
767 2069 930 2133 Schwartz
958 2091 1054 2134 nemo
1082 2069 1173 2152 putet
1197 2110 1235 2118 —
1259 2079 1385 2142 auctor,
1418 2069 1472 2149 qui

220 2175 511 2256 Argonauticarum
541 2174 720 2240 fabularum
750 2179 920 2240 varietates
950 2177 1046 2238 docte
1075 2175 1221 2256 collegit,
1252 2176 1311 2238 illis
1339 2173 1472 2254 scholiis

220 2281 265 2342 uti
288 2301 352 2341 non
374 2283 494 2361 potuit:
518 2282 602 2344 hunc
625 2283 709 2344 enim
731 2283 834 2364 primo
858 2303 885 2345 a.
904 2281 977 2344 Chr.
1001 2302 1029 2344 n.
1053 2281 1182 2343 saeculo
1207 2282 1324 2343 vixisse
1339 2281 1472 2342 demon·

220 2387 407 2460 stravimuS,
438 2386 490 2447 ille
519 2396 628 2449 autem
650 2386 847 2468 Sophocles,
879 2407 953 2449 cum
976 2395 1087 2449 contra
1108 2387 1291 2460 Irenaeum,
1322 2386 1376 2465 qui
1397 2392 1473 2467 post

221 2491 370 2554 Caesium
392 2491 528 2553 Bassum
558 2501 590 2553 et
619 2503 692 2555 ante
721 2491 880 2554 Soranum
909 2491 1086 2573 Ephesium
1112 2493 1209 2566 vixit,
1239 2498 1376 2572 pugnet,
1408 2511 1473 2551 non

221 2606 295 2659 ante
326 2597 446 2658 initium
477 2595 605 2658 alterius
635 2596 700 2660 lere
729 2619 759 2678 p.
783 2597 857 2662 Chr.
880 2618 909 2660 n.
934 2597 1052 2660 saeculi
1084 2595 1216 2676 fuit11³).
1265 2596 1379 2676 Neque
1406 2615 1472 2657 sen·

221 2703 322 2765 tentia
344 2701 471 2763 illorum
494 2702 634 2763 virorum
650 2704 820 2765 doctorum
836 2711 988 2775 servatur,
1012 2702 1038 2764 si
1053 2723 1073 2763 a
1087 2701 1231 2776 Theone,
1254 2701 1475 2782 antiquissimo

222 2809 317 2870 trium
339 2805 496 2887 Apolloni
519 2808 772 2882 scholiastarum,
797 2810 850 2888 qui
873 2809 903 2869 in
926 2808 1156 2889 subscriptione
1187 2809 1398 2881 nominantur,
1422 2805 1475 2868 illa

222 2913 369 2975 doctrina
383 2915 615 2975 commentario
630 2914 756 2975 adiecta
774 2922 832 2988 est,
856 2914 976 2994 quippe
992 2914 1044 2992 qui
1060 2914 1119 2976 sub
1136 2913 1287 2994 Augusto
1305 2911 1473 2992 suerit114).

223 3017 278 3080 Sin
311 3027 419 3080 autem
453 3037 564 3080 revera
595 3017 764 3080 Theonem
798 3019 860 3081 hoc
892 3018 1004 3082 fecisse
1037 3019 1292 3092 demonstratur,
1327 3035 1474 3079 corruere

309 3238 358 3306 113)
377 3241 474 3290 Irenaei
500 3240 654 3289 mentionem
679 3241 739 3290 fecit
763 3242 873 3291 Soranus
897 3241 1037 3306 Ephesius,
1067 3240 1109 3305 qui
1132 3249 1195 3290 teste
1218 3241 1297 3290 Suida
1323 3237 1433 3301 Trajano
1451 3245 1476 3285 et

166 3345 169 3349 ’
229 3330 359 3379 Hadriano
376 3330 567 3394 imperatoribus
585 3329 683 3378 Rornae
699 3329 793 3389 docuit,
821 3331 846 3379 in
866 3331 939 3389 libro,
965 3347 1041 3395 quem
1063 3329 1161 3394 scripsit
1184 3331 1247 3400 napi
1267 3323 1475 3396 Ἐτυμολογιῶν

223 3423 272 3470 τοῦ
291 3414 420 3488 σώματος
436 3421 487 3468 τοῦ
507 3411 675 3485 ἀνθρώπους
703 3435 726 3468 v.
745 3418 832 3469 Orion.
851 3419 933 3469 Theb.
958 3419 1005 3469 lex.
1029 3435 1049 3469 s.
1069 3436 1093 3467 v.
1121 3414 1179 3484 ψὺη
1203 3417 1263 3467 coll.
1283 3417 1366 3479 Etym.
1387 3416 1475 3478 Magn.

223 3517 248 3556 et
266 3506 370 3556 Meletio
388 3523 414 3570 p.
435 3519 475 3568 92.
497 3519 523 3553 11
545 3505 571 3553 in
589 3506 699 3555 Crameri
717 3507 805 3556 anecd.
827 3507 910 3557 Oxon.
928 3508 976 3556 Ill.
1012 3507 1076 3555 Vide
1095 3507 1200 3555 Paulum
1217 3505 1308 3570 Voigt:
1329 3505 1360 3553 de
1379 3504 1476 3554 Sorano

224 3595 344 3660 Ephesio,
366 3595 425 3644 diss.
444 3595 588 3660 Gryphisw.
610 3595 683 3645 1882.
728 3595 875 3660 Discipulus
894 3605 977 3644 autem
1003 3603 1055 3643 erat
1079 3596 1195 3642 Irenaeus
1213 3609 1256 3642 seu
1275 3594 1380 3642 Pacatus
1399 3590 1477 3642 Suida

224 3691 287 3733 teste
306 3683 438 3731 Heliodori
458 3683 562 3741 metrici,
584 3684 626 3747 qui
645 3693 701 3748 post
720 3683 836 3732 Caesium
854 3685 959 3732 Bassum
976 3683 1046 3735 vixit.
1076 3684 1108 3731 V.
1127 3683 1206 3732 Henr.
1227 3682 1299 3731 Keil:
1319 3680 1477 3745 quaestiones

229 3771 407 3836 grammaticae
425 3772 525 3836 Lipsiae
547 3770 611 3820 1860
629 3781 654 3820 et
671 3772 816 3820 Mauritium
834 3773 934 3836 Haupt:
962 3787 1049 3836 opusc.
1067 3772 1107 3820 111
1126 3788 1150 3835 p.
1169 3782 1220 3834 434
1246 3786 1302 3834 sqq.
1319 3767 1478 3830 Warnkross,

225 3876 276 3925 quo
294 3868 406 3924 tempore
424 3860 475 3909 fere
489 3860 627 3924 Sophocles
645 3860 741 3921 vixerit,
764 3860 873 3909 invenit:
899 3877 924 3910 v.
943 3861 1025 3909 thesin
1044 3874 1059 3908 2
1078 3869 1135 3924 post
1161 3875 1231 3908 suam
1250 3858 1345 3907 dissert.
1371 3856 1403 3905 de
1421 3871 1477 3920 par-

225 3948 411 4013 oemiographis
430 3948 525 4013 Gryph.
549 3948 621 3998 1881.
657 3948 791 3998 Udalricus
809 3948 841 3996 de
859 3948 1029 3998 Wilamowitz
1044 3949 1070 3996 in
1088 3946 1181 3996 scholis
1198 3947 1329 3995 nobiscum
1347 3959 1478 4008 argumen-

225 4038 345 4086 tationem
363 4036 563 4086 communicavit.

311 4122 358 4188 114)
375 4125 409 4176 cf.
430 4125 520 4174 Giese:
548 4126 579 4174 de
598 4124 703 4174 Theone
722 4125 885 4188 grammatico
904 4140 930 4189 p.
950 4124 983 4188 38
1002 4140 1057 4188 sqq.
1076 4123 1135 4174 diss.
1154 4123 1240 4188 inaug.
1262 4125 1376 4173 Mlinster
1406 4120 1478 4182 1867.

228 4217 284 4266 Iam
302 4214 491 4264 Maximilianus
515 4213 663 4263 Warnlrross
682 4213 699 4262 l.
716 4213 735 4261 l.
761 4213 823 4261 thes.
845 4224 855 4260 1
883 4211 1062 4277 pronuntiavit,
1088 4230 1102 4260 a
1126 4212 1232 4261 Theone
1258 4218 1282 4260 et
1306 4210 1331 4259 in
1358 4209 1480 4274 Apolloni

226 4303 433 4353 commentarium
452 4303 612 4367 transcriptas
635 4300 783 4365 compilatas
807 4315 860 4348 esse
885 4301 1003 4350 fabularis
1023 4300 1151 4349 doctrinae
1173 4299 1267 4364 copiaS,
1294 4314 1356 4362 quas
1375 4297 1478 4362 quidem

227 4392 376 4441 Eduardum
395 4392 520 4442 Schwartz
538 4399 637 4440 secutus
656 4388 863 4452 Scytobrachioni
885 4390 1011 4441 adscribit.
