3382 5228
760 1443 885 1540 Caput
911 1446 940 1516 ΙΙ

435 1645 496 1735 ue
529 1599 956 1739 uruuonr‘rnsuus
988 1647 1248 1743 elocutus
1282 1686 1284 1689 ψ

762 1921 915 1928 ——.

316 2088 502 2181 Postquam
524 2103 626 2182 qualis
648 2104 748 2166 homo
771 2104 863 2167 fuerit
885 2106 1062 2186 Dionysius
1083 2100 1321 2188 Scytobrachio
1350 2128 1467 2189 cogno·

215 2209 319 2270 vimus
342 2215 382 2282 et,
408 2216 563 2288 quantum
585 2207 651 2271 fieri
674 2211 788 2292 potuit,
812 2212 961 2290 eruimus,
984 2214 1060 2292 quid
1082 2214 1123 2275 de
1140 2214 1340 2296 Argonautis
1362 2234 1467 2275 narra·

214 2320 305 2393 verit,
328 2338 424 2379 nemo
446 2317 509 2377 iam
524 2314 677 2377 Eduardo
693 2314 855 2378 Schwartz
878 2317 1097 2399 adstipuletur,
1120 2320 1254 2384 Diodori
1276 2319 1381 2400 capita
1396 2319 1468 2380 inde

215 2445 235 2486 a
265 2423 334 2486 libri
366 2421 449 2485 tertii
482 2421 687 2501 sexagesimo
720 2423 862 2484 secundo
895 2443 997 2504 usque
1034 2426 1075 2486 ad
1110 2425 1254 2506 quintum
1289 2425 1392 2504 quarti
1426 2443 1469 2484 ex

215 2529 374 2609 Dionysio
396 2528 450 2590 illo
473 2526 619 2600 fluxisse,
649 2529 786 2607 quinon
808 2526 913 2589 solum
937 2527 977 2589 de
1007 2529 1136 2592 Baccho
1158 2530 1285 2612 Libyco
1313 2549 1413 2591 novas
1437 2512 1483 2590 et*

216 2634 372 2696 inauditas
402 2632 526 2695 fabulas
558 2633 763 2706 enarraverit,
796 2633 852 2694 sed
882 2634 1014 2714 copiosa
1043 2635 1259 2717 disputatione
1289 2635 1329 2696 de
1352 2632 1468 2695 Bacchi

217 2748 340 2813 natura,
364 2738 460 2815 cultu,
484 2737 578 2799 rebus
602 2739 710 2816 gestis,
734 2758 817 2817 quae
840 2738 891 2799 alii
913 2738 963 2800 vel
986 2740 1097 2821 populi
1120 2739 1171 2802 vel
1191 2739 1362 2820 scriptores
1377 2737 1467 2800 aliter

216 2845 256 2906 de
279 2843 408 2906 Baccho
430 2843 634 2917 tradiderant,
658 2844 754 2905 docte
781 2845 1056 2927 composuerit30).
1090 2845 1136 2908 Ut
1158 2854 1276 2920 autem,
1300 2830 1466 2924 quomodo

216 2971 266 3012 res
289 2970 324 3012 se
346 2949 473 3023 habeat,
496 2947 729 3028 intellegamus,
752 2951 891 3030 primum
913 2950 1007 3012 certis
1026 2950 1168 3013 terminis
1183 2948 1467 3032 Scytobrachionis

216 3055 419 3117 historiarum
441 3052 521 3115 fines
543 3051 758 3133 distinguendi
781 3064 864 3118 sunt.

302 3159 409 3236 Fingit
430 3159 605 3239 Dionysius
628 3158 774 3238 (111.67),
797 3157 1017 3240 Thymoetam
1040 3160 1203 3241 scripsisse
1226 3179 1355 3221 carmen
1370 3156 1470 3238 Phry·

216 3267 304 3346 gium
317 3265 524 3338 nominatum,
541 3264 630 3325 cuius
645 3274 868 3344 argumentum
884 3286 918 3327 se
935 3265 1051 3328 referre
1063 3265 1148 3340 dicit,
1165 3264 1275 3327 litteris
1287 3263 1469 3344 Pelasgicis,

216 3392 296 3451 quas
318 3371 417 3432 Linus
447 3369 654 3436 constituerit.
698 3369 943 3450 interrumpitur
971 3380 1080 3433 autem
1103 3371 1143 3432 de
1165 3369 1336 3450 Pelasgicis
1359 3368 1470 3431 litteris

217 3476 446 3538 commentatio
470 3474 679 3555 paragraphis
700 3476 839 3537 secunda
862 3484 893 3538 et
908 3475 1009 3550 tertia,
1034 3474 1149 3556 quibus
1164 3476 1204 3537 de
1220 3475 1291 3564 Lini
1311 3472 1471 3554 discipulis

216 3581 365 3654 Hercule,
392 3579 567 3660 Thamyra,
591 3578 723 3661 Orpheo
744 3582 857 3661 agitur.
894 3579 983 3660 Quas
1005 3583 1116 3644 itidem
1136 3601 1179 3642 ex
1195 3578 1472 3661 Scytobrachione
1540 3659 1543 3665 y

216 3685 346 3747 fluxisse
379 3685 445 3746 veri
475 3706 539 3747 non
568 3696 616 3748 est
645 3685 756 3747 simile.
808 3687 892 3748 Nam
923 3688 1035 3749 rudem
1066 3685 1239 3748 Herculem
1274 3685 1354 3747 inter
1383 3703 1470 3764 prae-

218 3790 433 3853 nobilissimos
464 3800 577 3871 poetas
601 3789 708 3853 referri
731 3812 795 3853 non
818 3792 921 3853 minus
944 3790 1033 3853 nefas
1056 3800 1113 3865 est,
1137 3811 1236 3871 quam
1259 3788 1392 3851 Homeri
1415 3807 1471 3868 ap-

218 3897 306 3976 pingi
338 3897 571 3971 testimonium,
603 3917 700 3976 quem
734 3916 846 3958 omnes
884 3897 1030 3959 manibus
1059 3906 1181 3971 terunt,
1212 3894 1387 3968 hocloco,
1419 3891 1472 3954 ubi

217 4020 312 4062 nemo
342 4010 630 4077 commemoratur,
662 4002 719 4064 nisi
750 4002 802 4083 qui
824 4002 995 4083 Pelasgicis
1019 4002 1129 4065 litteris
1150 4011 1183 4063 et
1203 4007 1387 4083 pervetusta
1410 3998 1472 4060 dia·

217 4105 301 4168 lectu
339 4127 415 4168 usus
449 4107 547 4168 libros
583 4107 709 4186 reliquit
742 4106 841 4187 vulgo
878 4128 1010 4190 prorsus
1038 4108 1175 4188 ignotos.
1208 4107 1376 4168 Praeterea
1409 4123 1472 4164 sus-

215 4212 375 4293 picionem
412 4221 543 4275 movent
565 4212 664 4274 verba
686 4213 804 4275 haecce
832 4216 852 4292 ξ
882 4232 918 4291 4:
953 4214 1036 4296 »περὶ
1066 4211 1099 4274 δὲ
1123 4203 1258 4295 Ὀρφέως
1288 4219 1341 4272 τοῦ
1368 4208 1471 4290 τρίτου

302 4399 337 4467 ⁸⁰)
357 4421 381 4452 v.
402 4403 450 4451 Ed.
469 4401 608 4450 Schwartz:
627 4402 659 4450 de
678 4402 802 4465 Dionysio
820 4402 1034 4467 Scytobrachione
1052 4421 1078 4468 p.
1097 4404 1138 4464 46.
