3382 5228
741 425 954 516 *539*

224 584 327 663 prima
356 582 410 643 illa
440 580 556 642 decimi
586 579 733 642 Herculis
771 579 889 641 laboris
925 598 1000 659 pars
1026 578 1203 645 ‚referenda
1235 579 1291 651 sit,
1329 580 1477 658 equidem

223 688 339 750 frustra
369 705 480 749 eruere
509 685 624 747 studui.
670 684 851 746 Monuerim
881 692 990 745 autem
1020 692 1132 745 contra
1161 673 1317 745 Ottonem
1344 681 1478 746 Sierolra

226 795 270 874 (p.
296 793 346 873 22)
379 800 412 853 et
433 790 610 852 Holzerum
641 791 682 872 (p.
710 791 746 851 18
771 799 803 850 et
826 809 857 869 p.
881 789 944 869 25),
968 789 1009 850 ad
1038 787 1121 850 hanc
1151 789 1374 868 quaestionem
1403 790 1478 852 nihil

223 898 327 960 facere
358 895 600 958 adnotationem
623 896 662 974 (c.
690 896 727 956 18
754 896 774 973 ξ
800 893 826 973 1)
857 894 898 955 de
927 893 1171 975 Hecatompylo
1201 893 1327 973 Libyco
1356 896 1477 976 oppido

223 1024 307 1065 anno
343 1017 404 1078 242
438 1021 457 1061 a
489 998 805 1080 Carthaginiensibus
839 1008 1047 1080 oppugnam,
1085 1019 1158 1060 cum
1190 999 1256 1061 veri
1290 1000 1331 1061 sit
1365 1000 1476 1075 simile,

222 1109 404 1171 Diodorum
434 1125 506 1167 eam
535 1105 641 1185 ipsum
669 1103 846 1177 addidisse,
882 1105 962 1166 sicut
991 1105 1088 1166 etiam
1118 1105 1158 1167 de
1188 1103 1318 1167 Alesiae
1346 1104 1478 1168 historia

223 1234 248 1275 c.
277 1230 315 1292 19
337 1215 357 1290 ξ
380 1227 399 1272 2
423 1231 526 1291 pauca
549 1210 617 1290 ipse
639 1208 814 1271 adnotavit.

307 1317 422 1398 Neque
444 1315 522 1377 certi
548 1333 652 1392 neque
675 1314 749 1376 novi
773 1313 948 1393 quidquam
977 1315 1018 1374 de
1040 1312 1198 1394 capitibus
1219 1330 1260 1392 29
1282 1324 1315 1377 et
1340 1332 1379 1393 30
1407 1337 1476 1397 pro-

223 1423 305 1485 ferre
325 1442 469 1503 possum,
493 1421 546 1482 ubi
568 1419 608 1481 de
630 1417 866 1499 Thespiadibus
889 1419 920 1479 in
943 1416 1120 1480 Sardiniam
1142 1420 1246 1480 missis
1268 1427 1301 1480 et
1323 1421 1363 1481 de
1386 1421 1478 1483 huius

222 1527 342 1590 insulae
365 1525 497 1588 historia
519 1523 671 1585 nonnulla
691 1523 848 1603 leguntur.
892 1523 1041 1585 Narratio
1064 1523 1166 1585 aliena
1188 1533 1238 1586 est
1259 1525 1301 1586 ab
1323 1546 1370 1599 ea,
1395 1548 1477 1607 quae

222 1635 252 1694 in
266 1631 472 1714 Apollodori,
497 1630 550 1711 qui
572 1629 694 1703 dicitur,
719 1628 913 1691 bibliotheca
936 1630 978 1709 (p.
998 1643 1045 1707 53,
1069 1627 1089 1693 l.
1110 1645 1148 1690 10
1164 1648 1235 1709 sqq.
1252 1631 1302 1692 ed.
1320 1630 1477 1714 Hercher)

222 1738 394 1811 invenitur,
425 1735 479 1798 ubi
501 1735 657 1797 Hercules
687 1754 705 1795 a
727 1733 871 1813 Thespio
894 1753 958 1794 non
981 1733 1022 1794 ad
1044 1733 1197 1796 sacrificia
1222 1736 1353 1814 diesque
1377 1735 1477 1800 festos

159 1882 161 1886 -
221 1843 386 1915 invitatus,
424 1841 480 1903 sed
518 1860 592 1901 cum
630 1847 742 1900 contra
779 1836 1025 1900 Cithaeroneum
1063 1837 1190 1901 leonem
1227 1840 1391 1920 profectus
1426 1844 1475 1916 sit,

221 1947 361 2028 hospitio
384 1954 533 2026 receptus
556 1965 626 2006 esse
649 1944 770 2017 dicitur,
794 1952 827 2004 et
849 1942 902 2005 ubi
924 1952 989 2005 tres
1011 1942 1212 2024 Thespiades
1236 1947 1280 2026 (p.
1304 1961 1354 2026 72,
1379 1947 1398 2008 l.
1424 1948 1474 2029 20)

221 2051 353 2113 Thebas
381 2051 467 2111 missi
490 2069 560 2112 esse
588 2050 771 2121 traduntur,
804 2068 868 2109 non
897 2050 971 2110 du0.
1019 2047 1117 2128 Quod
1139 2060 1246 2112 autem
1269 2050 1349 2114 haec
1371 2055 1477 2133 capita

223 2176 326 2236 paene
347 2156 389 2217 ad
405 2155 540 2217 verbum
557 2175 576 2216 a
591 2153 738 2216 Diodoro
761 2154 792 2214 in
811 2152 893 2215 libro
909 2153 941 2214 V
960 2161 1155 2234 repetuntur,
1180 2176 1244 2217 non
1266 2156 1474 2230 demonstrat,

222 2281 260 2323 ea
283 2280 300 2322 e
322 2260 459 2322 Timaeo
485 2280 649 2332 manasse,
685 2268 720 2321 ut
750 2258 830 2321 Otto
854 2257 989 2321 Sieroka
1020 2279 1051 2339 p.
1077 2275 1118 2336 24
1140 2262 1271 2323 censuit.
1318 2261 1383 2324 Sed
1412 2264 1475 2325 iam
1512 2243 1514 2247 ’

221 2375 296 2428 octo
332 2366 421 2427 annis
467 2374 540 2426 ante
578 2363 712 2426 Carolus
749 2362 957 2437 Mullenhoff,
1004 2363 1072 2425 fuse
1112 2366 1273 2446 docteque
1310 2368 1476 2449 disputans

220 2472 239 2533 1.
268 2471 286 2536 l.
315 2491 346 2552 p.
375 2470 559 2549 455-ω-460
595 2470 730 2531 Diodori
763 2469 833 2530 libri
861 2468 893 2529 V
926 2478 1025 2550 caput
1057 2483 1091 2548 15
1122 2490 1141 2531 a
1169 2470 1305 2534 Timaeo
1336 2473 1474 2536 alienum

154 2598 157 2602 ·
220 2596 290 2638 esse
312 2575 432 2637 statuit.

303 2681 436 2742 Prorsus
459 2680 534 2741 nihil
558 2683 632 2742 novi
654 2677 797 2760 proferre
819 2698 953 2759 possum
975 2680 1015 2740 de
1038 2680 1196 2761 capitibus
1218 2683 1258 2761 78
1283 2692 1315 2745 et
1337 2699 1394 2764 79,
1422 2686 1474 2748 ubi

220 2786 259 2847 de
283 2785 419 2847 Daedali
442 2787 593 2867 operibus
616 2787 647 2846 in
665 2783 771 2846 Sicilia
793 2782 955 2856 confectis
980 2784 1021 2845 de
1045 2772 1165 2847 Cocalo
1187 2807 1271 2867 rege,
1295 2790 1336 2850 de
1359 2788 1475 2852 Minois

220 2901 340 2965 morte,
372 2892 412 2952 de
436 2890 637 2953 Cretensium
664 2892 694 2952 in
717 2888 778 2950 hac
800 2888 901 2950 insula
923 2889 1055 2951 coloniis
1078 2891 1243 2971 agitur52).
1290 2893 1354 2956 Sed
1378 2916 1474 2958 nemo

178 3035 181 3041 ,
219 2995 314 3058 faciet
335 3016 408 3056 cum
425 2993 549 3058 Ottone
565 2994 708 3069 Sierolra,
733 2995 786 3073 qui
809 3014 840 3075 p.
868 3011 905 3072 19
928 2995 1115 3074 suspicatur,
1139 2995 1275 3059 fortasse
1293 2999 1474 3062 Diodorum

155 3158 158 3162 ,
218 3099 269 3162 hic
292 3099 457 3162 Antiocho
481 3100 687 3180 Syracusano
710 3120 803 3161 usum
825 3119 911 3172 esse,
942 3119 1016 3161 cum
1038 3099 1056 3161 1.
1080 3101 1151 3162 XII.
1184 3119 1219 3179 71
1246 3105 1266 3182 ξ
1290 3119 1308 3164 2
1331 3105 1472 3180 adnotet,

219 3214 384 3268 auctorem
416 3205 503 3267 illum
535 3206 609 3267 inde
636 3227 655 3267 a
683 3204 803 3268 Cocalo
835 3225 910 3285 rege
933 3203 1073 3266 Siculam
1103 3205 1268 3268 historiam
1299 3209 1472 3290 scripsisse.

216 3311 370 3372 Eiusdem
390 3315 474 3373 enim
498 3312 622 3389 generis
640 3320 736 3373 notae
755 3309 955 3375 inveniuntur
970 3330 1028 3392 per
1045 3330 1158 3374 omnes
1172 3312 1307 3375 Diodori
1323 3313 1473 3377 historiae

220 3425 328 3497 partes
351 3415 530 3496 dispersae,
559 3436 642 3497 quae
665 3416 803 3478 breviter
825 3415 1049 3477 historicorum
1073 3436 1208 3496 operum
1231 3418 1358 3493 titulos,
1389 3421 1475 3483 initia

216 3520 378 3601 finesque,
403 3541 554 3583 numeros
576 3520 730 3583 librorum
753 3521 907 3582 indicant:
932 3518 971 3581 cl.
996 3540 1023 3582 e.
1046 3540 1093 3600 gr.
1117 3521 1157 3586 II.
1184 3538 1230 3600 32,
1252 3540 1282 3599 4,
1311 3521 1398 3584 XIII.
1422 3538 1473 3599 42,

302 3691 337 3759 Μ)
365 3693 518 3742 Incredibile
542 3701 579 3742 est
607 3693 651 3742 sed
681 3707 783 3752 verum,
814 3706 866 3740 esse
892 3691 1033 3754 usque.ad
1058 3692 1125 3740 hunc
1153 3692 1236 3755 diem,
1265 3694 1309 3757 qui
1333 3693 1474 3741 Diodorum

219 3781 362 3831 Siculorum
385 3781 482 3830 fabulas
507 3780 625 3830 nimirum
651 3796 682 3829 ex
704 3781 825 3829 memoria
850 3779 948 3828 tradere
975 3786 1073 3844 putent.
1115 3781 1236 3830 Ernestus
1262 3781 1381 3830 Kuhnert
1407 3780 1474 3829 enim

215 3871 247 3919 de
274 3870 389 3919 Daedalo
416 3869 442 3918 in
464 3868 621 3918 Fleckeiseni
647 3867 777 3917 annalium
807 3867 859 3917 vol.
887 3868 1014 3932 supplem.
1039 3870 1089 3922 XV
1114 3869 1173 3917 anni
1200 3868 1264 3918 1886
1290 3887 1316 3934 p.
1344 3869 1391 3918 186
1416 3885 1473 3934 sqq.

214 3960 291 4006 verba
314 3957 409 4029 faciens
432 3957 493 4005 dicit
510 3958 586 4007 haec:
616 3956 699 4006 »nicht
717 3957 772 4006 eine
790 3955 888 4020 einzige
904 3956 1034 4005 Bildsaule
1051 3972 1101 4005 von
1118 3956 1172 4004 ihm
1190 3965 1268 4006 neunt
1286 3958 1341 4006 hier
1358 3958 1468 4015 Diodor;

215 4047 297 4095 nichts
317 4047 424 4096 wussten
448 4047 489 4095 die
509 4045 607 4096 Sicilier
629 4061 680 4094 von
701 4045 751 4095 den
774 4044 927 4108 lebendigen
948 4044 1073 4105 Werlren,
1100 4060 1132 4093 an
1156 4045 1197 4094 dle
1223 4046 1265 4094 bei
1291 4047 1349 4096 dem
1373 4047 1472 4095 Namen

216 4135 329 4184 Dadalos
348 4135 392 4184 der
409 4134 509 4184 Attiker
527 4141 608 4184 zuerst
625 4133 678 4182 und
696 4132 745 4182 fast
763 4133 839 4181 allein
860 4133 976 4184 dachte.«
1014 4133 1064 4182 Sed
1082 4133 1209 4182 evanescit
1227 4133 1301 4183 huius
1323 4135 1372 4182 loci
1392 4135 1473 4197 glorIa

214 4239 274 4287 prae
293 4223 420 4281 doctrina,
447 4238 512 4286 quae
536 4222 623 4286 paucIs
647 4221 730 4271 verbis
754 4228 812 4286 post
837 4223 944 4286 superbe
967 4221 1086 4270 lectorem
1111 4221 1222 4270 adridet:
1255 4223 1377 4270 »Danach
1403 4222 1472 4270 kann

214 4311 273 4359 keIn
299 4311 401 4360 Zweit'el
430 4311 536 4358 darflber
562 4310 698 4368 bestehen,
730 4309 787 4358 dass
815 4308 998 4375 (Pherekydes)
1025 4309 1081 4371 eine
1099 4311 1205 4359 attische
1224 4309 1316 4372 Quelle
1335 4311 1467 4367 benutzte,

214 4397 427 4461 mdglicherweise
444 4398 536 4447 bereits
554 4399 627 4447 einen
647 4397 884 4462 Atthidographent
903 4397 938 4463 (p.
960 4397 1027 4467 187).
