3382 5228
742 500 953 562 ..60-

218 669 326 724 Diodor.
350 670 399 722 III.
423 672 465 731 64.
488 684 512 734 3.
556 669 661 721 Diodor.
679 670 725 720 IV.
747 685 770 722 2.
791 685 814 736 3.
857 671 920 723 bibl.
935 688 961 736 p.
973 669 1016 734 86,
1036 671 1054 723 l.
1067 685 1151 737 3sqq.
1212 674 1282 738 Hyg.
1302 673 1356 725 sab.
1380 686 1436 740 179.

216 757 264 807 καὶ
289 755 371 807 τοῦτο
390 754 444 825 μὲν
464 749 513 807 τὸν

218 845 276 894 Δία
294 840 399 908 ταχέως
413 842 453 899 εἰς
465 834 514 892 τὸν

217 925 319 980 ἑαυτοῦ
347 919 439 994 μηρὸν
468 925 514 990 ἔγ-

216 1008 338 1079 nodom-
376 1006 446 1077 μετὰ
483 1007 514 1061 δὲ

235 1103 323 1149 ταῦτα
349 1106 398 1148 τοῦ
422 1090 491 1148 κατὰ

216 1179 306 1252 φύσιν
324 1183 371 1248 τῆς
381 1182 515 1247 γενέσεως

214 1262 324 1338 χρόνον
341 1264 392 1319 riv
408 1268 515 1321 τελείαν

857 755 887 808 ἐκ
897 766 948 809 τοῦ
961 754 1049 828 πυρὸς
1060 753 1151 828 ἁρπά-

858 857 907 898 σας
944 842 1079 913 ἐνέρραψε
1114 844 1153 912 τῷ

856 928 993 999 μηρῷ...
1030 924 1099 978 κατὰ
1120 926 1150 978 di

857 1009 907 1065 τὸν
922 1005 1028 1082 χρόνον
1039 1009 1089 1065 τὸν
1103 1029 1153 1064 κα·

858 1093 982 1161 θήκοντα
1014 1091 1155 1151 Διόνυσον

858 1185 944 1251 γεννᾷ
973 1183 1043 1243 Ζεύς
1071 1180 1155 1243 λύσας

858 1265 891 1317 τὰ
911 1262 1053 1340 ῥάμματα)

217 1349 332 1419 αὔξησιν
346 1351 515 1419 ποιήσαντος

574 1484 705 1542 mearant
714 1485 833 1539 παιδίον
859 1491 906 1540 καὶ
924 1488 1040 1543 δίδωσιν
1055 1486 1150 1559 Ἑρμῇ.

539 1566 832 1639 τύναλαβόντατὸνΔΙα
925 1576 942 1627 l.
956 1589 988 1625 22
1002 1577 1047 1626 καὶ
1061 1573 1153 1641 λαβὼν
1178 1592 1254 1640 quem
1278 1577 1416 1627 Mercurius
1440 1580 1473 1627 ab

568 1656 744 1724 παραδοῦναι
765 1657 804 1726 τῷ
859 1655 945 1713 αὐτὸν
962 1656 1061 1732 Ἑρμῆς
1177 1660 1236 1725 igne
1265 1669 1378 1727 ereptum
1401 1663 1472 1727 Nyso

536 1739 635 1818 Ἑρμῇ,
669 1744 716 1795 καὶ
746 1760 832 1814 προς·
1178 1744 1247 1795 dedit
1267 1746 1427 1797 educandum

537 1824 614 1888 τάξαι

216 1965 382 2034 ἀπενεγκεῖν
399 1964 430 2018 τὸ
448 1966 512 2037 βρέ-
540 1968 622 2018 τοῦτο
665 1962 718 2035 μὲν
762 1961 834 2015 ‹lno-
861 1965 932 2037 πρὸς
956 1964 1071 2038 νύμφας
1093 1961 1153 2019 ἐκό-

218 2071 273 2124 φος
290 2056 329 2112 εἰς
348 2055 445 2104 Νῦσαν
466 2053 513 2115 τῆς
539 2054 653 2120 νομίσαι
690 2044 760 2120 πρὸς
801 2048 834 2102 τὸ
860 2065 943 2122 μισεν
960 2052 990 2104 ἐν
1008 2050 1087 2126 Νύση
1108 2055 1155 2116 τῆς

214 2134 356 2208 Ἀραβίας·
540 2131 643 2207 ύίντρον
677 2130 707 2187 τὸ
741 2132 771 2189 ἐν
802 2136 835 2208 τῇ
860 2133 951 2198 Ἀσίας
972 2134 1156 2197 κατοικούσας

540 2217 627 2293 Νύση,
645 2225 775 2292 κείμενον
785 2237 832 2288 με·

541 2304 607 2367 ταξύ
632 2310 763 2372 Φοινίκης
789 2309 836 2357 καὶ

567 2394 683 2457 Νείλου,
702 2397 763 2452 ταῖς
780 2390 812 2445 δὲ

541 2471 668 2546 νύμφαις
689 2477 837 2548 παραδοῦ-

541 2579 589 2614 ναι
606 2565 726 2634 τρέφειν.

1176 2708 1202 2750 et
1232 2715 1321 2765 graece
1347 2700 1474 2763 Dionysos

1177 2792 1214 2834 est
1235 2785 1385 2850 appellatus.

253 2699 376 2752 ἐνταῦθα
401 2693 431 2749 δ’
456 2692 512 2748 ὑπὸ
573 2697 682 2752 ...διὸ
700 2702 747 2752 καὶ
765 2717 832 2769 τρα-

217 2783 340 2853 νυμφοὶν
368 2786 511 2852 τραφέντα
539 2787 626 2853 φύντα
635 2779 831 2838 τὸνΔιόνυσον

216 2866 268 2922 τὸν
292 2869 382 2920 παῖδα
403 2883 511 2940 προσα·
538 2868 569 2922 ἐν
594 2872 628 2944 τῇ
645 2868 723 2941 Νύση
742 2874 833 2937 τυχεῖν

236 2955 407 3026 γορευθῆναι
440 2951 494 3025 μὲν
556 2955 604 3020 τῆς
623 2961 813 3029 προσηγορίας

215 3037 274 3092 ἀπὸ
317 3040 367 3091 τοῦ
406 3037 513 3109 πατρὸς
537 3036 637 3106 ταύτης
672 3035 728 3093 ἀπὸ
764 3038 833 3101 Διὸς

214 3127 264 3176 καὶ
281 3125 332 3176 τοῦ
344 3120 431 3176 τύπου
445 3117 513 3177 Διό·
538 3127 585 3194 καὶ
602 3123 703 3192 Νύσης.

217 3224 327 3264 νυσον.
349 3249 355 3260 .
376 3246 381 3258 .

306 3371 367 3432 Hic
396 3391 571 3434 consensus
601 3392 674 3432 cum
696 3371 788 3434 aliter
817 3372 946 3434 omnino
970 3392 1034 3434 non
1056 3370 1158 3451 possit
1180 3368 1349 3450 explicari,
1377 3381 1474 3449 atque

216 3477 260 3538 ad
297 3497 395 3538 unum
433 3475 582 3540 omnibus
620 3474 742 3538 fontem
778 3478 918 3552 vocatis,
968 3478 1121 3539 adnotem
1158 3474 1339 3538 Diodorum
1375 3476 1471 3538 etiam

216 3582 260 3644 de
298 3581 399 3644 Musis
436 3583 574 3645 eundem
605 3581 911 3663 mythographicum
940 3580 1062 3644 fontem
1092 3580 1206 3642 adiisse
1236 3579 1344 3643 videri.
1389 3581 1473 3643 Nam

218 3687 455 3766 Mnemosynae
478 3695 512 3749 et
533 3685 619 3748 Iovis
647 3707 703 3749 eas
732 3707 804 3750 esse
832 3686 928 3762 filias,
959 3687 1047 3768 quod
1075 3706 1095 3747 a
1121 3683 1264 3767 plurimis
1287 3684 1472 3768 mythogra-

149 3877 151 3880 .
218 3791 358 3874 phorum
380 3792 462 3855 tradi
477 3792 640 3854 Diodorus
662 3792 746 3866 dicit,
769 3791 885 3874 legitur
905 3791 1003 3854 etiam
1023 3791 1055 3853 in
1076 3789 1271 3853 bibliotheca
1289 3789 1313 3853 I.
1338 3807 1366 3870 3.
1389 3808 1418 3872 9,
1444 3807 1472 3853 2.

218 3895 286 3959 Sed
308 3899 404 3960 ctiam
426 3897 594 3960 Alcmanis
625 3917 729 3959 raram
752 3897 948 3960 mentionem
979 3917 1023 3959 ex
1051 3894 1224 3958 enchiridio
1248 3894 1473 3978 mythologico

216 4000 350 4064 fluxisse
364 4001 535 4065 Udalricus
550 4003 591 4065 de
607 4003 822 4066 Wilamowitz
837 4002 1078 4078 demonstravit,
1102 4000 1155 4080 qui
1172 4001 1314 4062 eiusdem
1338 4001 1473 4063 rivulum

218 4106 251 4166 in
275 4104 450 4170 Clementis
473 4107 685 4170 Alexandrini
708 4108 906 4190 protreptico
933 4129 965 4189 p.
989 4123 1029 4189 27
1052 4105 1176 4170 detexit
1186 4106 1237 4186 ⁷⁰).

306 4464 342 4533 το)
360 4467 603 4516 Commentariolum
620 4470 811 4531 grammaticum
830 4469 865 4519 II.
884 4485 909 4533 p.
931 4481 968 4518 11.
