3382 5228
299 727 412 804 Itaque
441 724 532 786 laetis
560 721 707 802 auspiciis
737 741 891 783 conemur
920 724 1145 803 comparandis
1173 724 1312 803 primum
1334 724 1468 786 Diodori

213 830 411 912 genealogiis
444 849 517 890 cum
558 827 764 907 Apollodoro
802 826 1108 908 mythographicum
1146 827 1267 890 fontem
1307 829 1467 910 indagare.

214 936 377 1016 Quoniam
407 942 515 995 autem
551 933 648 994 etiam
671 932 856 1013 Hyginum,
887 951 984 1011 quem
1014 953 1112 1014 saepe
1142 933 1237 1013 plane
1267 934 1352 996 idem
1382 935 1469 1014 quod

215 1040 438 1121 Apollodorus
465 1037 581 1099 referre
611 1057 706 1099 nemo
737 1039 852 1111 nescit,
883 1057 957 1098 cum
978 1038 1113 1100 Diodori
1143 1038 1198 1099 illo
1228 1038 1469 1120 mythographo

213 1145 339 1225 saepius
361 1143 539 1205 consentire
557 1142 703 1219 vidimus,
727 1130 791 1204 non
813 1142 1030 1204 dubitabimus
1052 1143 1148 1205 etiam
1169 1143 1249 1205 illius
1273 1143 1396 1206 fabulas
1418 1144 1468 1206 vel

214 1249 421 1331 genealogias
444 1249 474 1308 in
497 1247 611 1309 libram
633 1248 788 1309 conicere.

300 1353 478 1435 Compares
501 1372 622 1433 quaeso
645 1351 834 1414 Scamandri
856 1364 889 1416 et
910 1354 1053 1415 Dardani
1075 1374 1229 1434 generum
1253 1353 1468 1432 Trojanorum

214 1468 399 1536 stemmata,
430 1457 536 1538 qualia
564 1457 728 1519 Diodorus
759 1457 830 1519 libri
859 1457 907 1518 IV
937 1458 1042 1538 capite
1069 1472 1107 1538 75
1141 1458 1289 1538 praebet,
1318 1459 1468 1531 cumeis

215 1584 295 1645 quas
325 1564 356 1624 in
382 1561 577 1625 bibliotheca
606 1582 635 1642 p.
668 1577 726 1641 109
754 1562 773 1623 l.
808 1579 847 1641 19
875 1581 945 1640 sqq.
973 1561 1117 1642 legimus.
1170 1563 1269 1644 Apud
1300 1573 1469 1641 utrumque

213 1669 348 1742 Teucer,
371 1668 556 1730 Scamandri
579 1675 612 1728 et
633 1667 749 1729 Idaeae
772 1665 936 1748 nymphae
958 1665 1049 1740 filius,
1079 1677 1112 1729 et
1133 1688 1274 1750 regnum¹
1290 1677 1322 1730 et
1344 1667 1470 1729 Batiam

213 1773 311 1835 filiam
327 1774 480 1835 Dardano
503 1773 599 1834 tradit
614 1771 741 1852 hospiti,
757 1772 842 1833 Iovis
857 1770 933 1833 filio.
969 1770 1116 1851 Quorum
1132 1774 1321 1853 progeniem
1337 1783 1470 1852 uterque
1530 1783 1531 1786 ’

143 1905 148 1915 ’
213 1880 350 1941 eandem
373 1886 554 1952 enumerat,
578 1877 636 1939 nisi
658 1878 690 1938 id
712 1877 841 1958 premis,
865 1878 952 1956 quod
975 1877 1006 1938 in
1029 1877 1223 1941 bibliotheca
1246 1877 1356 1958 paullo
1379 1877 1470 1958 plura

214 1985 423 2045 inveniuntur.
457 1982 504 2044 Ut
524 1982 723 2044 commodius
746 2003 813 2044 rem
835 1983 1010 2063 perspicias
1032 1992 1170 2045 stemma
1185 1986 1358 2065 adpingam
1373 1992 1470 2062 atque

214 2109 253 2150 ea
283 2090 428 2162 nomina,
463 2107 545 2165 quae
575 2088 693 2148 omittit
722 2087 884 2149 Diodorus
914 2087 1034 2168 virgula
1062 2087 1265 2167 significabo;
1297 2088 1358 2150 alia
1387 2089 1470 2149 enim

216 2195 346 2255 nomina
367 2193 448 2254 alter
470 2212 534 2253 non
556 2191 679 2272 profert
701 2201 798 2273 atque
821 2193 910 2254 alter.

546 2292 642 2356 ’Ἀτλας
850 2293 1037 2369 Σκάμανδρος
1053 2296 1139 2350 ’Idola

547 2362 641 2428 Ι
868 2365 1136 2399 ,ηρ-,ν

526 2436 669 2492 'Hasna
696 2431 766 2493 Ζεύς
940 2405 1058 2536 ΤεῡΙκρος

574 2544 1037 2646 Δάρδανος
931 2466 1046 2598 ΒὰτΙ.εια
1066 2539 1194 2714 -Σ-ιΕΙό-εν-

672 2693 742 2759 Ιλος
843 2693 1176 2800 Ἐριχθόνιον-Ι
1066 2695 1198 2766 Ἀστυόχη

313 2800 362 2859 ’Ad
380 2820 463 2865 αστος
860 2767 1051 2874 Τρώς.
1013 2770 1470 2880 ΚρραλλιόῃὴΣκαΕάνδςου

296 2825 531 3130 ’EQ‘
668 2943 834 3017 Γανυμήδης
924 2945 1098 3019 Ἀσσάρακος.
1119 2945 1185 3028 ‘Igno
1189 2941 1472 3028 vipthcpritvroc

652 3035 667 3067 a
685 3019 745 3066 Iove
763 3025 848 3082 raptus

342 3131 503 3212 Λαομέδων
633 3177 635 3182 2
981 3125 1092 3192 Θέμιςῆ
1101 3121 1184 3182 Ἴλου.
1202 3125 1302 3187 Κάπυς

213 3197 292 3262 (varia
310 3201 393 3249 uxoris
416 3199 520 3249 nomina
543 3199 616 3257 tradi,

261 3267 432 3331 Apollodorus
450 3267 576 3331 adnotat.)

215 3333 1051 3550 mmm
1070 3365 1203 3438 Ἀγχίσης.
1220 3363 1369 3437 Ἀφροδίτη

216 3541 344 3610 Μέμνων
776 3530 878 3607 Ἕκτωρ
896 3549 944 3589 etc.
1156 3543 1272 3597 Αἰνείας

301 3646 387 3709 Ecce
410 3668 540 3728 prorsus
566 3647 701 3710 eandem
724 3645 948 3728 genealogiam
963 3668 1040 3710 sane
1056 3667 1160 3728 neque
1175 3646 1353 3727 simplicem
1369 3664 1473 3725 neque

217 3752 297 3812 inter
318 3772 431 3813 omnes
454 3761 564 3813 notam
585 3761 618 3813 et
633 3773 652 3813 a
667 3752 811 3813 Diodoro
827 3762 859 3814 et
874 3752 916 3815 ab
931 3752 1136 3834 Apollodoro
1152 3753 1311 3815 traditam.
1345 3751 1474 3812 Distant

220 3866 328 3918 autem
352 3877 408 3931 eo,
441 3857 528 3938 quod
557 3856 608 3918 ille
631 3856 808 3919 Tithonum
831 3878 895 3919 non
918 3859 959 3919 ab
983 3859 1112 3920 Aurora
1141 3868 1285 3938 raptum,
1317 3857 1375 3917 sed
1400 3854 1473 3916 belli

217 3982 314 4023 causa
337 3962 367 4022 in
390 3960 601 4042 Aethiopiam
624 3961 804 4042 profectum
828 3983 899 4024 esse
922 3963 1005 4023 dicit.
1052 3962 1118 4024 Sed
1140 3984 1205 4025 non
1228 3972 1292 4037 est,
1324 3982 1380 4023 cur
1402 3980 1474 4023 eam

218 4065 261 4126 ob
283 4086 413 4128 causam
436 4066 498 4128 alio
527 4065 614 4128 fonte
637 4069 677 4128 de
700 4067 842 4129 Tithono
864 4086 938 4128 eum
962 4085 1055 4127 usum
1081 4087 1152 4129 esse
1175 4075 1369 4143 statuamus;
1401 4085 1474 4128 nam

218 4169 268 4229 vel
300 4170 431 4245 stultuS,
463 4172 487 4232 si
516 4172 548 4232 id
574 4172 698 4245 studet,
731 4179 766 4232 ut
794 4169 917 4232 fabulas
948 4172 990 4232 ad
1012 4173 1190 4233 communis
1212 4173 1296 4233 vitae
1319 4171 1474 4233 rationem

217 4273 374 4348 detrahat,
395 4274 459 4336 tale
483 4275 557 4355 quid
580 4296 638 4355 per
660 4296 695 4336 se
718 4274 865 4337 facillime
887 4285 997 4355 potest
1013 4284 1145 4348 mutare,
1170 4297 1243 4337 cum
1266 4285 1351 4338 certe
1372 4294 1475 4355 neque

217 4399 353 4440 acumen
383 4398 487 4458 neque
520 4380 666 4441 doctrina
698 4379 887 4460 postuletur.
946 4381 1020 4443 Hoc
1055 4389 1163 4442 autem
1194 4379 1267 4441 loco
1298 4378 1374 4441 mihi
1409 4378 1474 4440 veri

222 4483 347 4545 videtur
362 4483 565 4557 simillimum,
589 4484 770 4545 Diodorum
785 4484 891 4564 ipsum
910 4484 1050 4547 fabulam
1065 4484 1263 4565 pervertisse,
1281 4483 1476 4546 aemulatum
