3382 5228
737 455 950 521 „75-

214 619 318 672 torem
331 610 370 690 94)
396 609 599 691 obiurgasse,
632 631 674 672 ex
704 613 771 673 eius
803 610 867 673 filia
889 610 1083 690 Astydamia
1110 611 1258 690 genuisse
1282 609 1471 692 Ctesippum

217 716 269 797 (=
288 714 364 777 bibl.
396 736 429 796 p.
453 715 495 794 76
520 714 540 778 1.
563 715 611 795 4),
643 716 715 778 dein
745 715 927 778 Arcadibus
956 715 1049 777 sociis
1064 715 1254 796 adsumptis
1284 714 1472 777 Oechaliam

213 821 354 900 cepisse,
395 819 556 901 Eurytum
595 842 668 883 cum
703 822 775 884 filiis
812 821 1008 884 interemisse
1018 821 1075 899 ⁹5),
1112 820 1201 883 Iolen
1241 822 1402 902 captivam
1438 823 1470 882 in

214 924 377 988 Cenaeum
407 925 561 989 Euboeae
594 928 850 1006 promunturium
879 926 1069 999 abduxisse,
1103 926 1236 988 Licham
1267 925 1470 999 interfecisse,

216 1032 270 1111 qui
304 1040 429 1092 vestem
468 1051 487 1092 a
524 1032 674 1094 Deianira
718 1033 814 1094 inscia
851 1031 944 1093 Nessi
988 1051 1099 1093 cruore
1136 1032 1268 1093 tinctam
1304 1030 1471 1106 attulisset,

217 1137 415 1199 Philoctetae
437 1136 586 1199 Poeantis
607 1136 733 1218 fili096),
758 1138 812 1219 qui
828 1157 943 1218 rogum
965 1137 1171 1210 accendisset,
1194 1137 1331 1198 donasse
1351 1156 1471 1209 arcum,

123 1239 126 1244 ’
219 1242 355 1321 denique
379 1243 460 1303 inter
482 1241 561 1304 deos
584 1252 749 1325 receptum
772 1243 888 1305 Heben
917 1242 1047 1303 duxisse
1069 1242 1100 1302 in
1124 1243 1371 1303 matrimonium.
1416 1241 1471 1303 Ad

218 1347 352 1409 verbum
384 1366 486 1429 paene
516 1347 679 1409 Diodorus
713 1355 746 1408 et
774 1345 998 1427 Apollodorus
1029 1356 1225 1426 congruunt,
1264 1348 1362 1408 modo
1392 1346 1472 1408 alter

218 1454 321 1521 modo¹
347 1452 427 1514 alter
460 1452 523 1514 hoc
552 1462 607 1514 aut
640 1452 716 1514 illud
750 1453 816 1513 sive
849 1452 970 1514 addens
998 1453 1065 1513 sive
1095 1453 1254 1513 omittens.
1309 1451 1472 1533 Compara

218 1557 313 1618 etiam
336 1556 458 1637 Hygini
481 1556 604 1619 fabulas
629 1572 678 1636 35,
703 1557 751 1636 36.

304 1695 406 1757 Multa
428 1695 527 1758 verba
550 1695 653 1758 facere
677 1716 741 1757 non
764 1714 862 1776 opus:
886 1693 1059 1756 similitudo
1082 1704 1114 1756 et
1136 1695 1365 1776 propinquitas,
1388 1716 1472 1777 quae

218 1801 298 1862 inter
317 1800 450 1863 Diodori
474 1801 579 1882 capita
596 1817 721 1880 29-39
743 1800 812 1862 libri
835 1801 883 1862 IV
906 1803 1015 1882 paucis
1032 1801 1131 1861 modo
1153 1800 1292 1881 demptis
1315 1810 1348 1865 et
1361 1799 1472 1863 biblio-

218 1906 346 1966 thecam
369 1906 550 1980 intercedit,
585 1915 675 1968 tanta
706 1915 770 1980 est,
806 1916 841 1968 ut
870 1907 973 1967 minus
1004 1905 1172 1985 quisquam
1202 1907 1349 1981 miretur,
1385 1908 1472 1984 quod

219 2010 333 2071 eodem
357 2011 446 2073 sonte
468 2021 639 2092 utrumque
662 2031 754 2073 usum
776 2031 848 2073 esse
870 2019 985 2084 statuo,
1010 2030 1107 2090 quam
1132 2012 1219 2091 quod
1239 2031 1334 2072 nemo
1358 2011 1471 2084 adhuc,

219 2125 373 2194 quantum
397 2116 545 2195 equidem
569 2118 644 2189 scio,
669 2136 736 2178 rem
759 2117 984 2196 pronuntiavit,
1008 2124 1161 2195 quaeest
1184 2113 1360 2177 manifesta.

304 2255 440 2316 Restant
462 2255 522 2336 ipsi
544 2255 691 2318 Herculis
714 2254 849 2317 labores.
896 2254 1057 2335 Quoniam
1079 2275 1156 2317 vero
1187 2255 1218 2316 in
1240 2254 1288 2316 his
1312 2274 1375 2315 non
1398 2273 1472 2315 cum

218 2359 365 2422 Diodoro
396 2360 487 2424 nobis
515 2381 582 2422 rem
612 2382 682 2423 esse
715 2362 772 2422 sed
804 2381 876 2422 cum
912 2360 1048 2421 Matride
1080 2379 1175 2440 supra
1205 2381 1231 2422 c.
1255 2360 1300 2421 III
1330 2358 1472 2421 Holzero

219 2465 299 2526 duce
323 2466 499 2540 docuimus,
523 2467 638 2528 decimi
661 2466 778 2528 laboris
801 2474 909 2527 autem
924 2466 1136 2527 narrationem
1152 2466 1294 2527 maxima
1316 2485 1358 2526 ex
1381 2475 1473 2546 parte

219 2569 342 2631 Timaei
376 2591 446 2632 esse
471 2572 623 2644 vidimus,
656 2572 783 2633 iamiam
813 2572 853 2632 ad
884 2591 910 2632 c.
943 2584 980 2648 25
1005 2590 1075 2650 sqq.
1106 2571 1309 2633 accedamus
1361 2570 1473 2650 Atque

221 2673 342 2755 Orphei
365 2679 578 2752 mentionem,
610 2698 707 2756 quam
736 2677 822 2738 haud
852 2685 927 2757 apte
957 2675 1120 2737 Diodorus
1150 2676 1262 2756 capitis
1287 2689 1323 2753 2⁴5
1348 2678 1472 2754 §2-4

220 2779 303 2858 iacit,
327 2782 470 2856 cumeis,
495 2802 577 2862 quae
599 2781 669 2844 libri
689 2782 734 2843 III
758 2802 784 2843 c.
800 2781 840 2861 67
865 2784 885 2860 ξ
903 2797 986 2856 2-4
1001 2780 1165 2843 Diodorus
1187 2780 1276 2854 dixit,
1300 2781 1472 2843 cohaerere

303 3119 338 3186 ⁹⁴)
357 3121 452 3171 Iterum
470 3121 644 3185 neglegentiae
663 3123 772 3172 Diodori
796 3123 938 3187 exemplum
965 3138 992 3172 se
1017 3121 1097 3172 offert.
1133 3121 1201 3170 Dicit
1222 3122 1294 3171 enim
1307 3123 1471 3187 Astydamiae

209 3217 314 3273 'patrem
333 3209 490 3267 Ormenium,
513 3225 665 3275 quamquam
684 3211 829 3273 Amyntoris
854 3228 947 3261 nomen
973 3211 996 3260 ei
1022 3211 1096 3260 fuisse
1120 3226 1171 3259 non
1195 3210 1276 3259 solum
1300 3211 1473 3275 Apollodorus

218 3313 244 3360 p.
266 3298 332 3360 731.
354 3309 386 3359 27
404 3297 487 3357 tradit,
514 3298 651 3348 sedetiam
676 3299 798 3349 Pindarus
816 3297 931 3365 (Olymp.
954 3301 1015 3349 VII.
1036 3296 1079 3364 24)
1105 3307 1129 3347 et
1147 3298 1274 3347 Hesiodus
1291 3297 1379 3364 (schol.
1398 3299 1471 3349 Pind.

218 3385 259 3434 Ol.
274 3387 334 3438 VII.
351 3399 394 3446 42,
414 3385 461 3450 frg.
482 3399 530 3449 134
548 3387 649 3452 Rzach).
685 3387 821 3450 Quomodo
841 3398 924 3437 autem
942 3387 1049 3437 Diodori
1067 3403 1134 3436 error
1152 3395 1221 3435 ortus
1240 3386 1278 3450 sit,
1308 3387 1382 3437 facile
1400 3389 1473 3436 intel·

217 3474 310 3536 ligitur.
348 3474 415 3522 Nam
433 3475 465 3522 ab
483 3475 644 3538 Apollodoro
667 3478 802 3536 docemur,
828 3479 993 3539 Amyntorem
1017 3475 1129 3525 Ormenii
1154 3473 1229 3524 fuisse
1252 3490 1345 3538 regem.
1382 3477 1473 3540 Itaque

141 3634 144 3640 ¹
218 3562 307 3627 oppidi
326 3579 418 3612 nomen
436 3578 493 3611 cum
512 3564 577 3627 regis
595 3565 697 3614 nomine
715 3566 880 3630 neglegenter
898 3565 1070 3614 commutavit.

303 3681 339 3749 ⁹⁶)
360 3686 391 3733 In
409 3685 536 3749 praeclaro
556 3686 653 3735 scholio
670 3686 703 3735 ad
722 3686 855 3751 Sophoclis
873 3687 991 3736 Trachin.
1016 3703 1039 3735 v.
1059 3685 1122 3743 266,
1148 3685 1218 3749 quod
1243 3683 1275 3733 de
1293 3685 1472 3749 Eurytidarum

217 3788 321 3822 numero
340 3773 413 3823 docte
431 3775 492 3839 agit,
510 3775 662 3824 Aristocrate
680 3783 743 3824 teste
760 3784 809 3824 tres
829 3776 855 3824 hi
867 3776 1053 3825 adscribuntur:
1076 3771 1176 3834 Τοξεὺς
1193 3769 1313 3832 Κλὺτιος
1330 3771 1473 3839 Δηιονεύς.

218 3860 345 3922 Quoniam
364 3863 464 3911 Torreus
489 3871 514 3912 et
537 3863 636 3927 Clytius
659 3865 815 3928 reperiuntur
841 3865 911 3929 apud
938 3843 1094 3920 Diodorum,
1125 3863 1228 3911 fortasse
1252 3863 1472 3926 MOAIONEA,

220 3950 287 4013 quod
307 3966 399 3998 nomen
418 3952 482 3999 inter
501 3952 552 4000 duo
570 3952 615 4000 illa
634 3953 734 4017 legitur,
755 3955 903 4004 mutandum
919 3961 957 4002 est
975 3952 999 4001 in
1019 3953 1199 4003 ΔΗΙΟΝΕΑ.

302 4069 336 4131 ⁹⁰)
353 4073 403 4121 Hic
421 4073 575 4138 Apollodori
600 4075 811 4140 deprehendimus
835 4082 976 4140 peccatum.
1013 4074 1136 4122 Hercules
1160 4073 1226 4122 enim
1251 4074 1405 4124 Philoctetae
1424 4075 1472 4138 ipsi

216 4176 301 4209 arcum
327 4159 406 4212 dedit.
441 4162 515 4211 False
540 4162 615 4226 igitur
639 4162 701 4212 bibl.
727 4179 754 4227 p.
782 4174 814 4224 74
836 4164 854 4212 l.
875 4174 906 4227 25
949 4163 1085 4211 Poeantem
1112 4162 1266 4211 Philoctetae
1292 4172 1388 4227 patrem
1414 4178 1471 4211 eum

216 4249 341 4313 accepisse
365 4257 456 4300 narrat.
501 4251 567 4299 Nam
594 4251 634 4299 hic
660 4250 800 4299 doctrinam
827 4267 878 4301 non
904 4267 1011 4300 errorem
1042 4252 1127 4313 latere,
1155 4251 1304 4314 persuadere
1333 4251 1394 4299 mihi
1419 4267 1472 4298 non

215 4353 327 4402 possum.
