3382 5228
741 440 951 516 ..38-

218 612 240 690 ξ
260 625 279 690 7
308 617 416 671 narrat
445 618 477 670 et
505 608 537 669 in
565 606 674 669 tabula
695 607 939 685 Farnesiana⁶⁰)
962 607 1085 687 legitur.
1131 604 1196 669 Sed
1220 605 1299 667 infra
1322 606 1414 687 plura
1435 608 1476 669 de

217 713 280 776 hoc
302 712 438 775 Diodori
461 712 558 774 fonte.

302 817 372 878 Iam
409 816 587 898 quaeritur,
630 835 671 876 an
710 815 850 895 demptis
888 818 942 891 iis,
986 836 1069 896 quae
1104 813 1295 895 significavi,
1337 819 1475 879 narratio

217 922 365 984 Herculis
392 921 507 983 decimi
538 919 657 981 laboris
686 921 821 983 exsistat
853 942 915 983 una
943 930 976 983 et
1004 922 1087 983 bene
1118 921 1197 982 inter
1219 939 1254 981 se
1277 931 1474 1002 comparata.

216 1026 285 1089 Iam
307 1026 466 1089 Holzerus
488 1025 618 1105 negavit
638 1026 681 1105 (p.
711 1040 745 1105 17
770 1029 832 1106 sq.)
854 1026 1111 1089 animadvertens
1132 1025 1246 1105 capitis
1272 1043 1312 1102 24
1334 1028 1354 1105 ξ
1381 1043 1392 1087 1
1412 1047 1436 1091 s.
1454 1026 1473 1088 f

216 1132 314 1207 tradi,
353 1131 527 1194 Herculem
557 1129 672 1210 Agyrii
706 1150 911 1193 consecrasse
941 1131 1098 1212 templum
1129 1130 1216 1192 heroi
1246 1129 1404 1211 Geryoni,
1443 1133 1474 1194 in

216 1238 322 1319 capite
351 1245 459 1300 autern
493 1251 528 1316 17
559 1255 624 1297 non
655 1235 696 1296 de
725 1256 788 1296 uno
818 1236 896 1309 dici,
934 1236 991 1297 sed
1021 1237 1061 1296 de
1090 1235 1191 1297 tribus
1221 1234 1385 1312 fratribus,
1421 1238 1474 1317 qui

218 1341 388 1423 Geryones
422 1341 632 1424 adpellantur.
681 1341 796 1419 Itaque
827 1351 925 1422 caput
960 1357 996 1421 17
1033 1349 1066 1402 et
1098 1340 1211 1421 capitis
1245 1341 1282 1402 18
1317 1343 1337 1420 ξ
1370 1357 1475 1419 1-3a

217 1446 354 1510 Timaeo
385 1445 634 1526 abiudicavit⁵¹).
688 1446 740 1508 Ac
773 1465 970 1526 quamquam
1004 1444 1139 1507 fortasse
1172 1445 1212 1505 de
1242 1444 1371 1525 Agyrio
1398 1446 1474 1508 Dio·

217 1554 316 1616 dorus
344 1554 414 1634 ipse
443 1552 483 1613 de
506 1571 581 1623 su0,
612 1570 675 1611 non
703 1551 873 1612 Timaeum
903 1559 1030 1612 secutus
1053 1571 1079 1612 c.
1104 1566 1146 1627 24
1174 1549 1336 1623 disseruit,
1365 1560 1475 1614 tamen

219 1666 254 1720 ut
281 1657 493 1739 adstipularer
526 1656 594 1717 viro
628 1654 743 1730 docto,
778 1656 860 1718 duae
893 1676 1009 1718 causae
1033 1675 1084 1717 me
1113 1665 1367 1717 commoverunt.
1412 1657 1473 1719 Pri-

218 1782 307 1824 mum
341 1763 425 1825 enim
458 1761 571 1842 capitis
605 1762 685 1841 17ss
718 1776 734 1838 3
764 1770 924 1835 narratur,
956 1761 1128 1823 Herculem
1158 1759 1293 1821 classem
1324 1761 1353 1821 in
1377 1758 1473 1823 Creta

218 1869 396 1949 paravisse,
428 1876 462 1928 ut
483 1865 724 1945 expeditionem
747 1865 778 1926 in
801 1864 990 1947 Hispaniam
1013 1865 1139 1928 faceret.
1185 1863 1259 1945 Qua
1281 1866 1312 1926 in
1334 1866 1473 1946 Libyam

219 1973 396 2035 exercitum
419 1978 617 2052 transportat
641 1969 704 2051 (ib.)
728 1979 761 2032 et
783 1971 897 2044 utitur,
921 1989 994 2032 curn
1019 1969 1134 2033 fretum
1159 1969 1352 2033 Gaditanum
1375 1980 1473 2033 trans·

217 2079 361 2159 greditur
393 2077 429 2159 (c.
466 2077 502 2137 18
537 2078 557 2155 ξ
587 2073 626 2156 2).
672 2073 737 2136 Sed
774 2077 847 2137 inde
883 2095 903 2136 a
937 2075 1041 2155 capite
1076 2092 1113 2154 19
1151 2094 1326 2153 numquam
1364 2076 1474 2138 classis

219 2190 502 2245 commemoratur.
547 2177 703 2240 Hercules
738 2199 812 2240 cum
844 2178 1003 2260 Geryonis
1039 2181 1144 2242 bubus
1181 2200 1238 2262 per
1274 2178 1472 2260 Hispaniam,

219 2285 366 2359 Galliam,
390 2285 515 2348 Italiam
537 2283 763 2366 proficiscitur;
788 2283 904 2347 fretum
927 2283 1083 2358 Siculum,
1109 2294 1283 2366 postquam
1308 2286 1380 2356 »τὰς
1400 2290 1475 2364 βοῦς

218 2390 398 2473 ἐπεραίωσεν
431 2391 472 2462 εἰς
504 2391 559 2469 τὴν
586 2388 742 2449 Σικελιάνν
782 2392 820 2468 (c.
857 2405 896 2451 22
930 2393 950 2470 ξ
982 2392 1031 2471 6),
1069 2391 1138 2470 ipse
1175 2411 1237 2452 una
1274 2411 1347 2452 cum
1380 2401 1472 2454 tauro

217 2504 382 2578 pernatat;
414 2496 551 2577 denique
578 2496 609 2556 in
638 2493 806 2557 Graeciam
836 2494 932 2567 redit,
968 2495 1184 2576 »ἐγκυκλωθεὶς
1205 2495 1257 2555 τὸν
1280 2493 1402 2578 Ἀδρίαν
1423 2498 1473 2557 καὶ

218 2599 293 2684 πεζῇ
314 2601 485 2682 περιελθὼν
507 2600 559 2660 τὸν
579 2599 792 2681 προειρημένον
812 2600 939 2660 xillum«
964 2602 1003 2680 (c.
1020 2615 1058 2679 25
1080 2605 1100 2681 p*
1120 2604 1157 2682 1).
1193 2601 1306 2682 Itaque
1328 2603 1471 2683 adparet,

218 2726 261 2768 ex
283 2707 385 2768 altero
409 2705 497 2768 fonte
512 2706 693 2767 Diodorum
716 2705 837 2767 initium
860 2706 941 2768 illius
965 2706 1187 2787 expeditionis
1211 2704 1307 2768 finem
1330 2707 1472 2770 hausisse

218 2830 261 2872 ex
298 2811 409 2874 altero.
468 2810 607 2872 Accedit
645 2810 725 2872 haec
758 2831 871 2872 causa:
910 2810 1032 2891 Capitis
1064 2811 1149 2873 enim
1182 2827 1217 2891 17
1253 2814 1273 2891 ξ
1303 2830 1324 2889 4
1357 2813 1473 2894 legitur

217 2916 358 2997 Libyam
381 2916 423 2977 ab
445 2914 586 2977 Hercule
607 2914 739 2978 Antaeo
768 2924 882 2977 necato
913 2915 1050 2997 ferisque
1077 2915 1186 2978 bestiis
1216 2927 1271 2978 aut
1300 2917 1472 2981 interfectis

218 3029 274 3083 aut
296 3020 440 3102 expulsis
469 3019 612 3082 floruisse
644 3041 796 3101 agrorum
819 3014 964 3083 ubertate
988 3021 1040 3094 ita,
1064 3031 1099 3082 ut
1121 3020 1208 3082 nulla
1230 3023 1318 3098 regio
1341 3024 1472 3085 inveniri

218 3134 330 3208 posset
364 3125 492 3187 felicior.
551 3124 648 3191 Cuius
679 3127 805 3207 Libyae
834 3127 1056 3206 descriptionis
1082 3125 1234 3187 Timaeus
1264 3135 1377 3189 auctor
1407 3148 1472 3190 non

218 3240 283 3294 est:
315 3251 389 3292 nam
411 3231 565 3311 Polybius
593 3234 707 3294 acriter
733 3233 894 3312 vituperat
922 3231 1108 3306 Timaeum,
1140 3231 1228 3312 quod
1250 3231 1389 3311 Libyam
1420 3235 1470 3296 de·

218 3345 346 3410 sertam,
371 3356 557 3417 pauperem,
583 3335 752 3398 infertilem
775 3357 846 3399 esse
866 3335 1086 3397 contendisset
1103 3335 1184 3418 (XII.
1205 3352 1230 3414 3.
1254 3356 1324 3399 exc.
1340 3336 1469 3418 Vatis).

305 3440 423 3502 Aliena
444 3442 540 3521 igitur
561 3449 635 3502 sunt
657 3441 763 3519 capita
789 3456 825 3520 17
847 3449 879 3501 et
906 3442 942 3502 18
964 3462 983 3503 a
1004 3441 1158 3515 Timaeo,
1191 3460 1287 3522 quem
1316 3443 1473 3523 capitibus

218 3558 341 3622 21-25
376 3548 396 3624 ᾖ
424 3561 436 3606 1
469 3545 602 3607 subesse
633 3553 719 3607 recte
747 3546 859 3607 statuit
889 3544 970 3607 Otto
999 3544 1142 3608 Sieroka.
1187 3544 1242 3606 Ad
1272 3566 1368 3625 quem
1394 3568 1471 3610 vero

223 3665 431 3675 ——-.

303 3712 338 3780 ⁶⁰)
365 3733 392 3780 p.
424 3715 498 3778 69b.
529 3715 579 3764 206
607 3731 663 3779 sqq.
693 3714 762 3779 apud
787 3716 908 3764 Ottonem
930 3717 1010 3779 Jahn:
1048 3715 1202 3779 griechisclre
1231 3716 1469 3767 Bilderchroniken:

218 3799 390 3872 »[Ὴ]ρακλῆς
401 3839 407 3852 .
420 3840 446 3854 ,.
463 3800 590 3868 [Μινυᾶν
607 3796 786 3871 Ὀρ]χόμενον
796 3797 851 3855 εἷλε
864 3841 870 3855 .
885 3841 890 3853 .
905 3841 911 3854 .
932 3802 988 3870 [καὶ
1007 3800 1059 3858 τὰν
1071 3802 1186 3873 lippae
1203 3805 1252 3856 ἐπὶ
1271 3801 1344 3871 [solu
1357 3804 1472 3872 ned[iou

217 3887 345 3957 ἕσχησεν]
363 3886 477 3956 αὐτοῦς]
497 3885 709 3960 ἆπ[οφρ]εί[ἔας]
729 3887 895 3963 ποτα]μόν.«

303 3975 337 4041 ⁶¹)
362 3979 486 4028 Holzerus
503 3996 529 4044 p.
548 3990 577 4041 17
595 3980 700 4028 alteram
718 3995 818 4029 causam
837 3980 941 4045 protulit
958 3980 1038 4028 hanc:
1061 3995 1127 4028 »von
1145 3981 1202 4028 dem
1215 3980 1412 4030 Rationalismus
1430 3981 1471 4029 bei

216 4065 336 4113 Timaeus
354 4066 444 4114 wissen
462 4066 508 4114 wir
531 4067 640 4116 nichts.‹
677 4069 757 4131 Puto,
786 4049 832 4117 nos
859 4068 933 4125 scire;
962 4068 1047 4117 confer
1074 4069 1141 4117 enim
1168 4071 1237 4132 quod
1261 4070 1293 4117 de
1318 4069 1472 4133 Gigantibus

216 4152 345 4200 Diodorus
363 4151 416 4217 ipse
434 4153 504 4213 dicit,
525 4170 550 4203 se
568 4155 702 4204 Timaeum
720 4165 833 4204 secutum
851 4171 951 4205 narrare
971 4154 1004 4219 (c.
1024 4168 1053 4204 21
1075 4153 1092 4221 ᾖ
1111 4155 1147 4222 6),
1169 4165 1194 4205 et
1211 4157 1333 4223 imprimis
1352 4158 1421 4222 quod
1440 4157 1471 4206 de

216 4254 275 4302 rege
294 4240 400 4288 Tritone
417 4256 447 4289 ex
465 4244 554 4292 eodem
573 4245 647 4292 refert
665 4259 686 4294 οι
703 4245 734 4309 56
754 4241 771 4309 ᾖ
787 4244 811 4295 6.
845 4245 931 4309 Atque
951 4244 992 4293 vix
1008 4244 1121 4293 invenias
1138 4245 1207 4294 illius
1225 4246 1314 4294 aetatis
1331 4255 1468 4301 auctorem,

217 4326 261 4388 qui
286 4343 387 4391 prorsus
410 4344 437 4377 se
455 4330 487 4378 ab
504 4329 552 4379 hac
569 4332 666 4381 ratione
685 4332 784 4381 fabulas
803 4332 925 4381 tractandi
942 4331 1103 4380 abstinuerit:
1133 4333 1174 4384 Cf.
1199 4333 1358 4382 Ludovicum
1377 4333 1471 4382 Preller

216 4413 248 4462 de
267 4415 371 4464 Mnasea
390 4415 509 4465 Patareo:
529 4419 710 4484 Ausgewiihlte
728 4419 846 4468 Aufsittze
864 4436 891 4483 p.
912 4420 970 4481 316.
