3382 5228
689 432 897 493 ,93..

169 583 347 647 fabularum
370 585 539 646 varietates
563 585 713 647 collectas
736 587 766 647 in
789 586 1019 646 commentario
1043 585 1083 645 ad
1106 583 1268 647 Rhodium
1291 596 1423 666 poetam

167 688 303 751 edidisse
325 689 377 763 ita,
402 699 436 751 ut
459 690 609 752 dissimile
633 692 762 770 quidem
785 691 850 752 veri
875 710 938 750 non
953 689 1105 762 videatur,
1130 711 1203 752 eum
1231 693 1330 754 multa
1346 693 1426 756 talia

170 794 313 857 attulisse
344 804 376 857 et
405 796 576 876 praecipue
607 817 645 858 ea
675 796 796 858 scholia
827 797 924 856 modo
954 804 986 855 et
1016 796 1136 857 ratione
1167 796 1226 858 illis
1256 797 1424 874 simillima,

170 900 286 979 quibus
309 902 415 962 variae
439 901 479 962 de
502 899 702 981 Argonautis
725 900 851 963 fabulae
874 903 969 962 docte
992 901 1200 980 explicantur.

254 1004 301 1067 Ut
324 1014 431 1067 autem
452 1007 493 1068 ab
509 1007 570 1068 alia
586 1017 677 1088 parte
693 1008 918 1068 commendem
934 1025 1038 1067 meam
1055 1008 1255 1079 sententiam,
1280 1006 1424 1068 Theonis

169 1111 371 1193 temporibus
393 1112 522 1172 demum
547 1133 698 1193 magnam
721 1111 871 1174 fabularis
894 1112 1056 1172 doctrinae
1083 1111 1201 1172 molem
1221 1113 1251 1172 in
1268 1112 1424 1192 Apolloni

171 1215 293 1278 scholia
313 1217 511 1296 pervenisse,
543 1218 737 1290 monuerim,
768 1217 901 1297 cogitari
924 1237 988 1277 non
1015 1236 1128 1296 posse,
1154 1217 1271 1278 nedum
1295 1217 1425 1278 demon-

171 1321 278 1393 strari,
310 1341 382 1381 eam
412 1329 485 1382 ante
515 1342 633 1383 annum
657 1336 696 1401 50
717 1343 744 1383 a.
770 1320 842 1383 Chr.
869 1342 897 1383 n.
920 1322 950 1382 in
972 1320 1031 1382 illis
1061 1322 1297 1383 commentariis
1321 1320 1425 1386 luisse.

172 1423 258 1504 Quid
283 1426 366 1487 enim
389 1424 506 1487 faciunt
529 1429 570 1489 ad
594 1437 710 1507 poetae
734 1448 843 1489 versus
866 1427 1074 1508 explicandos
1097 1428 1242 1506 ingentes
1262 1425 1333 1488 illae
1348 1448 1425 1488 enu-

172 1530 363 1592 merationes
397 1532 554 1592 variarum
586 1531 764 1593 fabularum
795 1542 827 1594 et
857 1533 1029 1594 multorum
1062 1533 1242 1606 nominum,
1278 1533 1354 1612 quid
1383 1532 1426 1593 ad

171 1645 273 1698 artem
298 1635 553 1716 intelligendam,
578 1638 653 1717 quid
676 1640 716 1698 ad
740 1636 844 1699 fontes
867 1636 1130 1716 cognoscendos?
1176 1636 1316 1699 Omnino
1337 1638 1424 1712 nihil,

171 1759 369 1819 quamquam
400 1740 534 1802 libenter
564 1741 723 1813 concedo,
755 1743 881 1822 saepius
903 1743 983 1803 inter
1009 1762 1160 1821 magnum
1184 1763 1349 1803 numerum
1374 1745 1425 1805 ad·

165 1847 361 1925 scriptarum
379 1842 557 1906 fabularum
580 1847 676 1908 etiam
699 1867 770 1908 eam
793 1848 931 1921 inveniri,
956 1867 1054 1926 quam
1076 1856 1204 1909 secutus
1226 1858 1274 1909 est
1289 1847 1426 1929 Apollo·

170 1950 248 2011 nius.
294 1947 358 2011 Sed
382 1959 416 2011 ut
439 1960 623 2013 eruerentur
646 1962 762 2032 poetae
785 1950 905 2025 sontes,
936 1973 1146 2032 permagnam
1176 1931 1262 2013 illam
1296 1954 1424 2014 turbam

170 2074 274 2134 neque
298 2056 485 2117 adnotatam
508 2077 578 2118 esse
602 2077 704 2138 neque
729 2057 899 2119 collectam
929 2079 968 2119 eo
999 2057 1166 2130 evincitur,
1200 2058 1287 2138 quod
1310 2059 1344 2130 is,
1371 2059 1424 2138 qui

172 2180 283 2222 revera
310 2170 426 2240 poetae
454 2158 558 2222 sontes
581 2162 650 2242 ipse
672 2164 842 2241 quaesivit,
874 2161 949 2223 nihil
973 2163 1029 2223 nisi
1059 2163 1163 2242 ipsum
1189 2162 1277 2224 illum
1301 2161 1424 2224 sontem

172 2266 331 2346 adpinxit,
364 2267 467 2326 missis
496 2266 643 2327 nimirum
673 2269 718 2328 eis
746 2268 968 2348 scriptoribus,
999 2268 1113 2348 quibus
1136 2278 1234 2348 poeta
1263 2288 1326 2329 non
1350 2287 1425 2329 usus

172 2380 235 2432 est:
261 2370 471 2450 Asclepiades
495 2371 679 2449 Myrleanus
704 2375 742 2454 (v.
767 2373 866 2434 schol.
882 2373 946 2453 Ap.
969 2373 1030 2435 Rh.
1055 2373 1078 2434 Ι.
1103 2373 1188 2454 623).
1222 2371 1328 2452 Quem
1351 2393 1425 2434 cum

172 2477 255 2538 circa
277 2497 393 2538 annum
417 2477 455 2554 65
481 2477 607 2538 Romae
631 2478 776 2539 docuisse
799 2489 925 2540 constet
936 2479 1002 2560 ¹1⁷),
1026 2479 1177 2558 sequitur,
1205 2499 1244 2539 eo
1267 2488 1424 2558 tempore,

173 2602 238 2662 quo
262 2582 313 2642 ille
335 2581 468 2642 Diodori
490 2581 685 2661 Apollodori
707 2583 823 2663 Hygini
856 2583 926 2646 fons
949 2586 989 2646 de
1012 2583 1239 2663 Argonauticis
1266 2584 1425 2663 conscrip-

172 2698 223 2750 tus
245 2708 315 2749 esse
348 2687 523 2748 censendus
546 2697 612 2760 est,
642 2688 783 2749 nondum
813 2688 908 2750 luisse
939 2708 1078 2761 morem,
1111 2708 1244 2768 magnas
1275 2686 1425 2748 fabularis

173 2793 355 2854 eruditionis
381 2792 499 2871 copias,
525 2810 606 2870 quae
636 2792 788 2854 lectorem
817 2795 857 2855 ad
888 2804 1019 2874 poetam
1049 2793 1160 2854 melius
1183 2793 1424 2873 intelligendum

172 2918 303 2979 prorsus
335 2896 408 2958 nihil
431 2897 590 2969 adiuvant,
624 2898 654 2958 in
677 2899 912 2960 commentariis
935 2899 1152 2974 accumulare,
1177 2899 1233 2961 sed
1264 2919 1301 2960 ea
1325 2900 1424 2960 modo

173 3003 214 3065 ab
231 3002 456 3082 interpretibus
472 3022 542 3062 esse
565 3002 726 3076 adnotata,
752 3023 834 3082 quae
858 3024 967 3065 revera
984 3004 1086 3064 lucem
1110 3004 1253 3065 versibus
1269 3003 1423 3079 afferunt;

172 3109 261 3188 quod
284 3106 388 3168 solum
412 3107 543 3186 dignum
565 3116 613 3168 est
636 3107 815 3188 philologis

257 3210 418 3291 Quoniam
448 3213 543 3293 igitur
572 3214 877 3288 demonstravimus,
912 3214 1047 3293 primum
1079 3215 1119 3275 de
1142 3215 1340 3294 Argonautis
1370 3213 1422 3273 ad·

170 3319 367 3390 notationeS,
403 3339 481 3398 quas
515 3318 677 3379 Diodorus
711 3317 993 3398 Scytobrachionis
1023 3319 1184 3398 epitomae
1215 3318 1344 3391 adiecit,
1381 3339 1424 3378 ex

171 3425 286 3485 eodem
309 3422 397 3485 fonte
420 3443 575 3497 manasse,
601 3423 685 3483 unde
707 3422 968 3502 Argonautarum
991 3422 1117 3485 fabulae
1141 3424 1171 3484 in
1193 3423 1423 3485 bibliothecam

170 3536 201 3588 et
225 3525 346 3605 Hygini
369 3528 575 3608 genealogias
597 3538 819 3608 pervenerunt,
844 3539 911 3588 tum
936 3529 1016 3590 illius
1038 3527 1133 3590 fontis
1156 3538 1321 3590 auctorem
1344 3502 1423 3589 bio-

170 3630 251 3691 doro
285 3634 496 3711 antiquiorem
529 3653 546 3693 e
585 3633 712 3694 scholiis
744 3633 965 3713 Apollonianis
1005 3634 1129 3695 haurire
1172 3655 1236 3695 non
1269 3635 1421 3715 potuisse,

169 3736 298 3797 iamiam
317 3746 422 3814 restat,
447 3748 481 3799 ut
497 3739 688 3810 evincamus,
712 3738 897 3800 historicum
914 3737 1064 3811 Siculum,
1090 3739 1141 3817 qui
1158 3738 1422 3818 Argonautarum

170 3841 302 3920 mythos
326 3853 546 3921 cognosceret,
570 3843 666 3904 alium
690 3843 804 3904 librum
827 3865 891 3904 non
915 3844 1037 3916 adiisse,
1061 3852 1157 3923 atque
1181 3843 1421 3923 mythographi·

169 3966 242 4006 cum
266 3946 363 4020 illum,
387 3948 436 4008 cui
459 3947 593 4009 heroum
616 3957 787 4008 stemmata
810 3958 841 4009 et
860 3950 1012 4029 plurimas
1029 3949 1097 4010 libri
1112 3948 1160 4010 IV
1176 3948 1299 4010 fabulas
1314 3948 1421 4016 debet.

170 4049 220 4112 Ac
244 4053 360 4125 nesci0,
385 4072 424 4112 an
452 4053 620 4132 quisquam
643 4052 683 4113 de
706 4052 765 4113 hac
782 4073 814 4113 re
831 4073 895 4113 non
913 4052 1045 4116 dubitet.
1077 4053 1191 4134 Neque
1207 4054 1291 4115 enim
1307 4055 1421 4116 eadem

168 4156 297 4229 indicia,
329 4157 442 4237 quibus
465 4157 550 4219 ducti
574 4167 695 4218 ceteras
718 4157 786 4219 illas
809 4156 943 4219 Diodori
973 4157 1096 4219 fabulas
1119 4159 1171 4220 uni
1195 4158 1273 4220 fonti
1298 4159 1420 4222 addixi-

252 4382 300 4449 lli)
320 4402 342 4434 v.
361 4384 460 4434 Suidas.
478 4401 496 4434 s.
515 4403 539 4435 v.
