3382 5228
747 432 956 495 ,95-

225 587 357 666 §7—9)
381 583 537 662 facinora;
562 586 676 667 stirpes
699 586 876 667 explicasse
899 586 1045 648 Tectami
1061 586 1221 649 Cretensis
1244 587 1298 667 (60
1313 590 1332 667 ξ
1349 603 1366 648 2
1383 590 1477 669 sqq.),

225 689 322 751 Aeoli
345 689 399 770 (67
424 693 443 770 ξ
468 693 508 772 2),
531 690 634 772 Asopi
658 693 732 772 (72),
757 692 872 755 Teucri
895 693 1027 774 Trojani
1049 695 1124 774 (75),
1149 692 1262 755 Cadmi
1284 694 1345 773 (2);
1376 713 1478 756 narra·

225 796 307 859 visse
331 794 453 857 fabulas
473 799 513 859 de
536 795 714 879 Oedipode,
739 799 779 859 de
808 808 933 879 septem
956 798 1072 860 ducum
1095 808 1206 860 contra
1228 798 1359 860 Thebas
1382 818 1477 879 expe·

224 900 353 974 ditione,
376 900 416 962 de
439 901 662 982 Epigonorum
686 902 817 965 victoria
840 902 1002 986 (64-66),
1027 903 1067 965 de
1083 903 1280 980 Argonautis
1303 912 1336 965 et
1350 902 1475 969 Medea.

223 1006 337 1085 Itaque
365 1007 390 1068 si
422 1026 464 1067 ex
493 1007 542 1069 his
571 1006 690 1070 laciniis
713 1009 866 1089 suspicari
889 1008 971 1082 licet,
996 1017 1151 1089 quantum
1173 1008 1270 1070 totius
1292 1007 1362 1070 libri
1385 1006 1477 1070 fuerit

223 1120 465 1191 argumentum,
495 1130 560 1172 non
581 1120 702 1176 temere
725 1114 800 1176 mihi
831 1115 941 1177 videor
963 1117 1122 1187 conicere,
1153 1122 1257 1176 totam
1280 1111 1476 1176 Graecorum

222 1215 387 1278 historiam
410 1215 586 1279 fabularem
608 1218 639 1279 in
661 1239 700 1280 eo
725 1218 819 1281 fuisse
842 1228 1040 1300 congestam.

193 1308 195 1312 Α
306 1321 474 1402 Ingentem
504 1331 613 1385 autem
643 1324 808 1386 materiem
840 1324 884 1386 sic
914 1325 1071 1405 disposuit
1098 1332 1225 1398 auctor,
1256 1333 1292 1386 ut
1323 1344 1476 1404 generum

221 1434 393 1488 stemmata
414 1437 613 1491 construeret
634 1437 731 1508 atque
757 1430 848 1491 unius
871 1429 1024 1510 cuiusque
1046 1428 1152 1491 herois
1172 1436 1227 1491 aut
1243 1427 1381 1492 heroidis
1404 1429 1475 1492 faci·

221 1550 300 1592 nora
322 1541 354 1593 et
377 1531 443 1595 fata
465 1533 603 1597 breviter
624 1542 775 1609 narraret,
797 1536 913 1597 eodem
928 1536 1024 1615 igitur
1038 1534 1146 1608 mod0,
1171 1553 1236 1614 quo
1252 1534 1475 1614 Apollodorus

220 1633 385 1698 historiam
408 1636 584 1700 fabularem
607 1639 797 1719 composuit.
827 1639 902 1700 Non
925 1649 1032 1701 autem
1056 1638 1237 1721 compendii
1259 1638 1340 1700 illius
1363 1649 1475 1702 auctor

221 1738 402 1818 neglexisse
428 1744 554 1805 videtur
576 1744 820 1824 discrepantias,
852 1765 934 1824 quae
956 1745 996 1807 de
1014 1744 1063 1806 his
1084 1745 1179 1806 rebus
1201 1744 1281 1805 inter
1303 1746 1474 1825 scriptores

220 1856 320 1919 erant,
344 1847 507 1911 adnotare.
552 1848 715 1911 Diodorus
739 1850 868 1930 quidem
891 1850 960 1913 illas
987 1851 1150 1912 doctrinae
1173 1850 1283 1930 copias
1306 1858 1473 1932 contemp-

220 1951 260 2011 sit
279 1987 322 1997 —
344 1951 509 2018 adnotavit
531 1956 646 2027 modo,
677 1956 852 2016 secundum
875 1955 1028 2032 Minoem,
1059 1954 1193 2035 Lycasti
1212 1953 1322 2036 filium,
1342 1955 1383 2016 ab
1406 1955 1474 2018 aliis

218 2056 303 2117 Iovis
332 2057 432 2119 filium
461 2060 521 2120 dici
551 2096 593 2106 -
623 2060 679 2122 sed
712 2060 743 2121 in
776 2060 970 2142 Apollodori
1001 2061 1117 2122 Teucri
1145 2058 1275 2139 Trojani
1308 2061 1472 2140 progeniei

218 2172 399 2241 stemmate,
423 2164 510 2242 quod
533 2185 663 2245 prorsus
686 2186 759 2226 cum
773 2166 920 2228 Diodoro
942 2169 1122 2227 consentire
1144 2185 1241 2246 supra
1263 2167 1470 2240 ostendimus,

219 2288 249 2349 p.
285 2284 339 2329 ΙΙΙ
373 2268 392 2330 l.
424 2285 442 2329 2
473 2269 603 2350 legitur:
638 2269 837 2351 (Λαομέδων)
870 2279 978 2353 »γαμεῖ
1009 2269 1141 2353 Στρυμὼ
1174 2269 1229 2348 τὴν
1260 2269 1470 2354 Σκαμάνδρου,

218 2372 295 2433 κατὰ
318 2372 353 2434 δ’(
371 2396 455 2446 τινας
476 2375 618 2435 Πλακίαν
638 2376 692 2455 τὴν
710 2373 846 2458 Ὀρσέως,
868 2372 937 2437 κατ’
964 2375 1057 2448 ἐνίους
1076 2373 1108 2436 δὲ
1130 2375 1341 2454 Λευκίππην.<<

304 2477 411 2558 Quam
438 2480 595 2542 rationem
623 2482 804 2562 compendii
834 2492 946 2545 auctor
968 2482 999 2543 in
1022 2480 1135 2543 fabulis
1159 2481 1321 2542 narrandis
1344 2490 1472 2544 secutus

220 2585 269 2656 sit,
294 2605 335 2646 ex
358 2579 586 2664 Argonauticis
609 2595 641 2647 et
667 2586 830 2649 Thebanis
858 2586 972 2649 fabulis
997 2585 1190 2666 intelligitur.
1234 2585 1319 2647 Nam
1343 2588 1395 2666 qui
1419 2587 1471 2649 illa

222 2688 372 2762 referret,
406 2689 562 2769 Apolloni
603 2692 750 2752 carminis
791 2701 1015 2769 argumentum
1047 2690 1214 2771 descripsit
1246 2700 1279 2752 et
1311 2691 1471 2773 Euripidis

219 2792 464 2856 Phoenissarum
487 2795 658 2876 prologum
679 2816 781 2876 paene
805 2797 845 2857 ad
875 2797 1008 2861 verbum
1032 2795 1188 2868 excussit,
1216 2795 1269 2874 qui
1293 2795 1471 2877 Oedipodis

218 2907 337 2961 sortem
368 2901 507 2963 breviter
540 2901 816 2981 complecteretur.
870 2903 1017 2983 Adparet
1049 2902 1159 2982 igitur,
1193 2900 1474 2983 mythographum*

218 3003 306 3066 illum
337 3026 354 3067 e
391 3007 483 3067 variis
520 3006 657 3068 cuiusvis
687 3005 813 3069 fabulae
843 3006 953 3069 formis
981 3027 1052 3069 eam
1079 3007 1230 3086 elegisse,
1270 3026 1367 3086 quam
1389 3008 1471 3070 inter

217 3110 368 3190 aequales
388 3111 587 3173 notissimam
610 3133 679 3174 esse
705 3113 803 3174 scivit.
839 3110 931 3191 Quae
953 3113 1110 3174 sententia
1132 3112 1286 3192 probatur
1309 3131 1358 3186 eo,
1383 3115 1471 3192 quod

218 3217 303 3296 apud
338 3216 519 3278 Diodorum
549 3216 720 3298 Hippolyti
743 3216 919 3279 Coroniseri
946 3217 1073 3298 prologi
1103 3216 1271 3279 nonnullos
1300 3237 1411 3279 versus
1440 3219 1471 3280 in

217 3341 244 3386 c.
268 3321 309 3382 62
331 3325 350 3400 ξ
374 3338 392 3382 2
416 3324 642 3402 cognovimus,
672 3332 768 3403 atque
791 3321 962 3404 Sophoclis
984 3322 1224 3385 Trachiniarum
1245 3331 1470 3401 argumentum
1496 3305 1497 3308 Ἴ

217 3426 363 3489 Herculis
392 3429 504 3489 mortis
535 3428 703 3490 narrationi
741 3429 805 3510 (38)
834 3427 966 3509 subesse
996 3428 1129 3492 videtur.
1187 3426 1329 3489 Additae
1362 3437 1469 3491 autem

217 3541 307 3594 erant
329 3533 417 3594 brevi
448 3535 618 3595 narrationi
640 3531 819 3596 fabularum
841 3534 1081 3615 discrepantiae.
1126 3532 1223 3613 Quod
1245 3533 1308 3594 iam
1333 3553 1469 3614 cognos-

215 3638 296 3698 citur
327 3658 344 3698 e
374 3637 509 3699 Diodori
539 3659 680 3720 paupere
707 3647 739 3701 et
770 3639 961 3720 neglegente
983 3638 1165 3718 compendii
1187 3637 1339 3718 epitoma.
1384 3637 1469 3700 Nam

215 3744 342 3823 saepius
370 3743 487 3805 diserte
516 3745 664 3816 adnotat,
695 3744 774 3806 alios
803 3746 974 3825 scriptores
1004 3744 1094 3805 aliter
1126 3741 1267 3805 fabulam
1300 3741 1467 3816 rettulisse,

216 3847 303 3909 velut
324 3848 355 3908 in
378 3846 491 3910 fabulis
514 3849 554 3910 de
577 3849 783 3928 Argonautis,
807 3849 932 3922 Medea,
957 3849 1171 3930 Hesperidum
1191 3847 1291 3921 malis,
1315 3846 1469 3927 Meleagri

216 3962 329 4027 morte,
353 3953 471 4014 Thesei
496 3954 536 4015 ad
553 3953 669 4015 inferos
687 3956 851 4029 descensu,
876 3954 1042 4017 Centauris
1059 3961 1118 4026 etc,
1139 3962 1193 4015 aut
1209 3953 1310 4016 varias
1327 3953 1469 4014 eiusdem

215 4058 342 4121 fabulae
365 4057 484 4121 formas
507 4060 706 4140 conglutinat
726 4059 813 4121 velut
835 4082 862 4123 c.
879 4063 918 4122 28
940 4062 980 4123 de
1003 4058 1195 4141 Hippolyto.
1229 4058 1281 4120 Ac
1295 4057 1467 4133 Diodorus,

214 4185 288 4226 cum
311 4185 419 4226 veram
440 4166 575 4227 heroum
598 4165 771 4240 historiam,
794 4185 873 4246 ergo
896 4187 992 4228 unam
1008 4165 1146 4228 scribere
1162 4163 1221 4226 sibi
1237 4163 1466 4244 proposuisset,

214 4270 372 4332 variarum
403 4269 580 4333 fabularum
610 4270 726 4332 multas
754 4279 840 4332 certe
869 4271 991 4333 abiecit.
1042 4270 1153 4351 Atque
1182 4269 1237 4331 vix
1259 4268 1415 4329 invenitur
1437 4269 1467 4328 in

213 4373 425 4450 bibliotheca,
458 4377 546 4438 cuius
580 4396 643 4437 non
676 4396 798 4456 paucae
828 4386 936 4458 partes
964 4375 1098 4438 Diodori
1129 4373 1207 4435 fonti
1238 4372 1370 4435 fabulari
1397 4392 1468 4453 pro·
