3382 5228
736 498 947 562 ..32-

215 661 256 720 ad
280 657 414 719 verbum
438 676 541 738 paene
563 675 636 718 curn
661 653 680 715 l.
703 653 758 715 III.
780 673 806 740 c.
829 653 872 729 64
895 655 915 732 ξ
937 667 1017 732 3-5
1042 654 1253 726 consentiunt,
1277 653 1356 716 infra
1384 656 1469 717 dice-

214 783 293 826 mus.
331 762 428 825 Liber
453 762 539 824 Iovis
562 770 595 823 et
616 759 825 839 Proserpinae
847 757 930 820 filius
952 759 1033 821 sicut
1061 759 1131 822 libri
1153 759 1211 823 IV.
1234 779 1261 821 c.
1284 776 1306 836 4
1328 762 1348 839 ξ
1376 777 1400 835 1,
1425 763 1469 823 ita

215 871 312 932 etiam
335 867 377 930 ab
399 867 532 947 Hygino
562 864 669 927 fabula
700 863 756 944 167
787 863 977 945 appellatur.
1022 864 1134 946 Atque
1156 863 1219 926 hoc
1240 866 1468 942 animadverte,

214 975 404 1047 Diodorum,
428 973 453 1033 si
468 971 524 1033 IV.
547 972 635 1051 455
660 971 808 1031 adnotat:
835 969 1002 1052 »διμήτορα
1024 967 1052 1030 δ’
1077 969 1170 1030 αὐτὸν
1188 976 1468 1053 προσαγορευθῆναι

214 1077 329 1161 λέγουσι
352 1078 402 1138 διὰ
425 1077 460 1137 τὸ
482 1076 595 1157 πατρὸς
615 1073 671 1154 μὲν
692 1070 756 1146 ἑνὸς
777 1074 906 1155 ὑπάρξαι
926 1077 996 1146 τοὺς
1012 1074 1066 1135 δύο
1083 1075 1257 1152 Διονύσους,
1279 1075 1417 1157 μητέρων
1436 1076 1470 1138 δὲ

203 1172 315 1245 ι’ὃυοῖνε
342 1185 398 1263 (sc.
413 1182 622 1262 Proserpinae
645 1191 677 1244 et
696 1180 855 1260 Semelae)
877 1181 1024 1243 videlicet
1045 1180 1096 1243 hic
1111 1190 1277 1244 auctorem
1292 1184 1391 1264 sequi,
1416 1185 1469 1265 qui

215 1309 314 1351 unum
337 1289 454 1363 modo,
487 1307 552 1349 non
574 1288 656 1349 duos
684 1285 820 1349 Liberos
842 1287 982 1367 agnovit.
1027 1286 1163 1367 Reperis
1187 1287 1271 1349 idem
1294 1288 1325 1349 in
1346 1288 1469 1369 Hygini

218 1394 326 1458 fabula
356 1394 429 1474 167:
463 1391 599 1475 ›(Liber)
623 1392 889 1455 Bimaterdictus
912 1401 976 1467 est,
1006 1393 1128 1474 quippe
1158 1412 1255 1474 quem
1286 1401 1319 1455 et
1340 1392 1469 1456 Proser-

216 1501 291 1583 pina
312 1509 345 1563 et
367 1497 497 1562 Semela
519 1497 743 1579 peperinnssfly

323 1603 388 1668 Sed
408 1613 475 1666 tam
498 1605 638 1682 graviter
659 1612 733 1665 sunt
755 1602 873 1665 Bacchi
894 1601 1021 1665 fabulae
1043 1603 1130 1684 apud
1150 1602 1331 1665 Diodorum
1353 1605 1470 1685 praeci·

215 1732 280 1792 pue
301 1712 332 1773 in
351 1718 467 1791 quarto
490 1708 571 1771 libro
594 1707 808 1789 perturbatae,
831 1718 866 1771 ut
887 1729 1041 1791 umquam
1064 1728 1261 1790 quemquam
1276 1708 1359 1771 hanc
1375 1708 1471 1772 farra-

216 1819 324 1899 ginem
346 1817 378 1878 in
408 1813 549 1894 singulas
577 1821 686 1895 partes
708 1823 856 1876 accurate
878 1814 1119 1877 distributurum
1141 1833 1211 1876 esse
1240 1814 1389 1894 equidem
1419 1814 1470 1877 de·

216 1942 353 2004 sperem.
398 1921 489 1983 Haec
511 1940 589 1982 vero
610 1938 669 2001 pro
692 1928 781 1982 certo
804 1928 836 1982 et
859 1920 1030 2001 explorato
1051 1919 1167 1995 habe0,
1189 1920 1385 1994 Diodorum,
1417 1921 1471 2000 qui
1538 1945 1540 1949 ·

216 2027 263 2104 de
278 2026 406 2089 Baccho
422 2027 599 2100 dissereret,
623 2045 665 2087 ex
680 2025 838 2104 Dionysio
855 2024 960 2086 solum
974 2025 1126 2106 Libycas,
1150 2045 1231 2106 quas
1245 2025 1329 2100 dicit,
1352 2024 1394 2087 de
1408 2026 1471 2089 deo

217 2131 341 2195 fabulas
362 2131 431 2214 (III.
453 2131 559 2211 67-7
565 2147 581 2209 3
601 2130 740 2211 demptis
767 2150 795 2194 c.
817 2130 858 2209 67
882 2132 902 2210 ξ
925 2145 1010 2206 2-4
1031 2140 1064 2193 et
1086 2151 1112 2194 c.
1137 2145 1176 2211 73
1201 2133 1221 2210 ξ
1244 2132 1275 2210 2)
1295 2131 1470 2212 sumpsisse

216 2247 315 2318 atque
345 2237 450 2319 ipsum
479 2235 665 2299 historicum
687 2234 756 2297 libri
778 2235 836 2299 IV.
858 2255 886 2297 c.
910 2249 991 2314 2—-5
1015 2234 1172 2298 conflasse
1200 2236 1294 2299 variis
1322 2237 1473 2318 inspectis

217 2342 374 2416 fontibus,
398 2342 479 2404 inter
500 2361 583 2422 quos
605 2339 740 2403 fortasse
761 2340 812 2403 vel
836 2341 1036 2403 Hecataeum
1063 2339 1179 2402 Teium
1201 2339 1297 2404 fuisse
1318 2342 1471 2404 Eduardo

218 2445 381 2510 Schwartz
402 2445 635 2527 concedam89).

304 2673 341 2741 ⁸⁸)
360 2676 400 2729 Cf.
418 2677 495 2726 etiam
514 2677 626 2725 fabulam
644 2678 675 2725 de
693 2677 793 2725 Baccho
811 2693 826 2724 a
850 2676 984 2726 Titanibus
1000 2678 1124 2740 lacerato,
1151 2678 1195 2727 sed
1218 2679 1339 2728 miraculo
1361 2679 1472 2744 quodam

217 2765 307 2814 iterum
325 2773 384 2815 nato
402 2766 469 2831 apud
482 2765 614 2830 Hyginum
632 2763 685 2814 fab.
707 2766 753 2826 167
775 2780 832 2814 cum
844 2765 951 2813 Diodori
968 2767 1018 2816 ΙΙΙ.
1036 2768 1078 2817 62.
1099 2766 1124 2826 6,
1146 2766 1189 2832 qui
1206 2766 1309 2816 confuse
1328 2768 1472 2833 exphysio-

218 2853 334 2917 logorum
352 2853 475 2904 sententia
495 2853 587 2902 scribit.

304 2937 340 3005 ³⁰)
364 2958 388 2992 v.
407 2943 473 2992 Mus.
498 2942 549 2991 Rh.
574 2942 625 2991 vol.
644 2943 701 2991 XL.
719 2958 741 2991 a.
769 2940 843 3006 1885.
885 2943 911 2993 si
937 2942 1075 2992 admodum
1101 2951 1168 2993 recte
1195 2944 1334 3009 disputavi,
1363 2944 1471 2993 Diodori

220 3029 304 3093 capita
321 3030 370 3079 III.
389 3029 491 3079 62-66
508 3038 533 3079 et
550 3031 595 3079 IV.
617 3042 679 3095 1-5
699 3046 750 3079 non
763 3030 867 3079 meliore
885 3031 938 3079 iure
949 3031 1079 3081 Hecataeo
1091 3033 1155 3081 Teio
1169 3034 1201 3081 ab
1212 3033 1331 3082 Eduardo
1346 3032 1471 3082 Schwartz

219 3116 319 3166 addicta
336 3125 402 3177 sunt,
421 3134 498 3182 quam
515 3125 589 3166 antea
605 3119 739 3182 Dionysio.
