3382 5228
744 400 956 460 -31-

223 569 379 630 rationem
403 569 595 649 detorquere
618 576 650 629 et
672 588 689 628 e
721 569 814 656 variis
835 567 950 630 fabulis
976 579 1072 650 atque
1095 590 1193 650 saepe
1217 571 1297 632 inter
1319 592 1353 633 se
1376 593 1477 653 oppo-

222 674 288 735 sitis
313 673 431 754 eligere
454 693 524 746 eas,
556 693 638 752 quae
663 693 822 734 summam
845 675 911 735 veri
934 674 1144 737 similitudinis
1167 677 1306 755 speciem
1337 698 1412 758 prae
1443 699 1478 740 se

222 778 348 840 ferrent.
401 779 513 858 Itaque
544 799 609 858 quo
640 786 707 839 erat
737 787 884 859 stupore,
917 781 1043 860 saepius
1076 782 1217 860 optimos
1251 780 1355 844 fontes
1385 784 1477 846 duxit

222 883 481 956 narratiunculae,
506 903 589 965 quae
612 882 653 944 ab
675 881 848 946 Euhemeri
878 885 1011 946 aemulis
1041 887 1082 946 ad
1112 886 1318 947 delectandos
1341 887 1477 951 lectores

221 989 406 1069 excogitata
429 998 527 1051 erant.
574 987 735 1067 Quoniam
767 998 873 1051 autem
904 1011 999 1053 unam
1030 1000 1062 1052 et
1083 1010 1193 1052 veram
1216 990 1381 1053 historiam
1405 996 1476 1056 scri·

221 1094 297 1156 bere
333 1095 392 1155 sibi
420 1103 652 1174 proposuerat,
693 1114 757 1156 non
787 1095 892 1174 potuit
921 1115 986 1156 non
1016 1097 1191 1176 corrigere,
1224 1117 1305 1177 quae
1336 1119 1354 1158 e
1382 1101 1476 1162 variis

221 1200 404 1262 auctoribus
426 1199 673 1280 compilaverat,
705 1199 897 1280 ubicumque
927 1200 1025 1261 sensit
1056 1201 1192 1262 alterum
1224 1202 1264 1263 ab
1293 1201 1395 1264 altero
1424 1204 1476 1265 ab-

220 1307 360 1380 horrere,
384 1314 482 1384 atque
504 1305 630 1366 aliunde
654 1307 780 1379 addere,
804 1305 890 1386 quod
914 1305 941 1366 ei
957 1307 1119 1368 mentione
1142 1307 1274 1387 dignum
1292 1307 1474 1371 videbatur.

306 1411 390 1471 Tum
414 1430 491 1471 vero
514 1412 608 1472 certis
631 1412 773 1472 terminis
801 1409 1016 1485 definivimus,
1048 1431 1129 1492 quae
1157 1411 1316 1492 Dionysio
1339 1413 1474 1476 Timaeo

221 1517 349 1579 Matridi
382 1514 583 1577 attribuenda
616 1525 698 1578 sunt.
749 1517 875 1578 Deinde
907 1536 1025 1597 magna
1058 1517 1127 1578 libri
1164 1517 1212 1578 tv
1246 1526 1355 1599 parte,
1392 1538 1474 1597 quae

221 1621 371 1696 restabat,
409 1621 599 1701 perlustrata
632 1642 696 1682 non
728 1623 827 1683 modo
861 1642 914 1684 eas
943 1622 1077 1684 Diodori
1108 1622 1232 1684 fabulas
1263 1624 1299 1705 (c.
1323 1624 1472 1705 67—75),

221 1747 300 1808 quas
324 1725 404 1788 Otto
430 1724 563 1788 Sieroka
586 1727 626 1788 ad
650 1747 747 1787 unum
770 1725 892 1789 fontem
919 1729 1076 1808 pertinere
1100 1729 1261 1807 cognovit,
1284 1749 1358 1790 cum
1374 1729 1475 1811 Apol-

220 1834 334 1895 lodoro
357 1841 389 1894 et
412 1830 479 1893 aliis
501 1832 747 1914 mythographis
770 1842 837 1894 arte
860 1833 1040 1906 cohaerere,
1065 1835 1121 1894 sed
1152 1834 1248 1895 etiam
1270 1844 1397 1916 praeter
1420 1857 1475 1898 eas

220 1959 283 2000 non
306 1957 409 2018 pauca
432 1939 537 2017 capita
559 1936 820 2018 genealogiarum
844 1939 989 2020 quamvis
1018 1959 1088 2000 rara
1116 1941 1252 2020 vestigia
1274 1961 1419 2002 servasse
1443 1951 1475 2003 et

219 2042 425 2124 Apollodoro
448 2043 601 2123 imprimis
631 2044 743 2106 similia
766 2065 830 2105 non
858 2053 1060 2124 posterorum
1083 2056 1274 2119 commenta,
1299 2048 1356 2107 sed
1378 2067 1471 2109 veras

220 2147 343 2210 fabulas
383 2149 529 2226 antiquas
569 2149 707 2212 breviter
744 2149 860 2211 referre
899 2149 1044 2229 longiore
1082 2151 1298 2230 disputatione
1336 2153 1472 2213 ostendi-

219 2274 289 2314 mus
300 2253 365 2331 102).
411 2253 523 2333 Itaque
552 2256 697 2335 cogimur
729 2267 763 2317 ut
793 2264 985 2327 statuamus,
1021 2255 1201 2317 Diodorum
1223 2255 1363 2328 fabulas,
1395 2276 1475 2336 quas

218 2359 322 2439 capite
345 2358 392 2418 tv
415 2357 678 2437 significavimus,
712 2381 755 2422 ex
777 2361 892 2421 eodem
922 2359 1286 2440 compendiosabularis
1319 2361 1471 2423 historiae

219 2462 411 2543 Apollodori
436 2461 648 2527 bibliothecae
663 2467 845 2547 propinquo
868 2465 1082 2546 descripsisse,
1107 2467 1190 2526 unde
1206 2485 1359 2543 generum
1377 2475 1471 2528 stem·

218 2577 304 2630 mata
327 2578 359 2629 et
382 2566 514 2642 sabulaS,
541 2589 624 2648 quae
647 2592 674 2632 c.
697 2571 798 2652 67-7
807 2586 821 2650 5
855 2571 1018 2651 leguntur,
1050 2591 1196 2632 manasse
1227 2569 1308 2633 Otto
1338 2570 1473 2633 Sieroka

217 2673 441 2753 pronuntiavit.

303 2779 349 2840 At
372 2777 450 2840 false
466 2780 688 2862 conclusimuS,
713 2780 738 2841 si
761 2790 846 2842 recte
868 2781 1099 2842 contenderunt
1115 2781 1352 2845 Maximilianus
1374 2784 1470 2845 Well·

217 2905 313 2945 mann
343 2893 375 2946 et
397 2885 565 2946 Eduardus
589 2883 767 2957 Schwartz,
797 2884 978 2948 Diodorum
1008 2907 1100 2947 usum
1124 2907 1194 2946 esse
1227 2886 1393 2950 Hellanico
1416 2900 1471 2952 aut

215 2991 286 3070 ipso
321 2999 376 3051 aut
408 2990 449 3051 ab
481 2990 564 3051 Istro
598 2998 752 3070 excerpto
786 2999 818 3051 et
850 2990 1008 3070 Euripidis
1041 2991 1285 3052 Phoenissarum
1320 2993 1468 3074 prologo

215 3096 357 3156 Necesse
380 3095 475 3176 igitur
498 3104 554 3169 est,
579 3104 690 3157 contra
712 3095 796 3156 viros
820 3095 891 3156 illos
916 3096 1031 3157 doctos
1054 3115 1243 3174 pugnemus.

302 3200 353 3262 Ac
387 3201 623 3263 Maximilianus
656 3200 904 3281 Wellmann¹⁰³)
938 3201 1084 3279 quidem,
1120 3202 1208 3280 quod
1243 3212 1368 3274 censet,
1404 3224 1469 3264 non

216 3307 332 3367 diserte
355 3306 450 3367 dixit:
475 3307 531 3367 sed
554 3327 627 3368 cum
639 3306 773 3368 Diodori
795 3306 852 3366 lv.
875 3327 902 3373 c,
926 3306 963 3367 61
992 3309 1109 3385 §4-7
1133 3306 1300 3367 Hellanico
1323 3308 1469 3382 vindicet,

216 3411 306 3472 facile
330 3412 400 3491 quis
423 3412 561 3492 colligat,
586 3412 687 3472 virum
711 3412 841 3473 doctum
865 3411 923 3472 sibi
954 3411 1157 3492 persuasisse,
1189 3410 1374 3473 historicum
1398 3413 1469 3474 Hel-

216 3517 308 3578 lanici
333 3517 503 3578 Atthidem
527 3516 672 3579 manibus
694 3518 816 3578 trivisse
846 3527 902 3579 aut
924 3519 995 3579 lstri
1019 3518 1191 3598 συναγωγὴν
1209 3515 1371 3592 Ἀτθίδων,
1394 3538 1468 3578 cum

215 3624 429 3695 demonstret,
463 3623 667 3696 Pausaniam,
700 3624 753 3703 qui
783 3623 805 3684 I.
837 3639 886 3684 22.
913 3637 927 3701 5
953 3622 1076 3685 fabulas
1107 3622 1148 3683 de
1179 3622 1340 3684 Ariadnae
1376 3633 1469 3702 raptu

294 3874 342 3943 1Μ)
362 3878 526 3927 Inveniuntur
545 3879 646 3942 quidem
664 3878 802 3928 nonnullae
821 3878 921 3928 fabulae
940 3879 970 3928 ad
983 3880 1122 3927 communis
1135 3879 1200 3927 vitae
1218 3878 1339 3927 rationem
1358 3879 1469 3927 detortae

215 3980 239 4016 et
269 3967 295 4016 in
328 3967 451 4031 capitibus
482 3966 597 4029 67-75:
639 3967 709 4015 velut
741 3967 845 4016 Tithoni
875 3967 960 4016 fabula
996 3965 1038 4030 (75
1067 3963 1081 4032 ξ
1109 3966 1137 4030 4)
1166 3975 1190 4015 et
1222 3967 1248 4015 in
1272 3967 1307 4016 eis
1330 3967 1462 4032 capitibus,

214 4072 279 4120 quae
308 4055 389 4119 capite
414 4055 451 4103 lV
478 4054 550 4102 huius
576 4055 752 4118 disputationis
780 4054 953 4113 tractavimus,
982 4055 1052 4103 velut
1080 4054 1276 4103 Molionidarum
1303 4054 1389 4104 fabula
1415 4054 1466 4119 (33,

214 4139 231 4207 ᾖ
250 4157 274 4206 3,
294 4141 332 4208 4).
368 4143 418 4192 Sed
435 4142 578 4192 Diodorum
596 4144 678 4207 ipsum
697 4144 732 4193 ita
749 4144 794 4192 has
812 4143 910 4191 fabulas
934 4152 1042 4191 mutasse
1063 4159 1115 4191 non
1141 4144 1193 4191 sine
1211 4142 1388 4207 probabilitate
1407 4159 1467 4191 con·

214 4247 324 4281 lecimus.

287 4349 336 4417 ¹⁰⁸)
355 4354 395 4402 De
412 4354 477 4404 lstro
496 4352 670 4411 Callimachio,
689 4353 749 4402 diss.
770 4353 914 4417 Gryphisvv.
936 4351 1000 4400 1886
1018 4369 1043 4416 p.
1062 4365 1103 4415 93.

264 4466 362 4515 Bethe,
379 4464 531 4516 Quaestiones.
